<?xml version="1.0" encoding="UTF-8"?>
<!DOCTYPE html PUBLIC "-//W3C//DTD XHTML 1.0 Transitional//EN"
    "http://www.w3.org/TR/xhtml1/DTD/xhtml1-transitional.dtd">
<html xmlns="http://www.w3.org/1999/xhtml" xml:lang="en" lang="en">
 <head>
  <title>
</title>
<meta http-equiv="Content-Type" content="text/html;charset=utf-8" />
  <meta name='ocr-system' content='tesseract 3.04.00' />
  <meta name='ocr-capabilities' content='ocr_page ocr_carea ocr_par ocr_line ocrx_word'/>
</head>
<body>
  <div class='ocr_page' id='page_1' title='image "./frhaasiilucubra01haasgoog_0051.png"; bbox 0 0 3316 5064; ppageno 0'>
   <div class='ocr_carea' id='block_1_1' title="bbox 805 449 1018 518">
    <p class='ocr_par' dir='ltr' id='par_1_1' title="bbox 805 449 1018 518">
     <span class='ocr_line' id='line_1_1' title="bbox 805 449 1018 518; baseline -0.005 -22"><span class='ocrx_word' id='word_1_1' title='bbox 805 449 1018 518; x_wconf 75' lang='lat'>..38..</span> 
     </span>
    </p>
   </div>
   <div class='ocr_carea' id='block_1_2' title="bbox 354 611 1419 1695">
    <p class='ocr_par' dir='ltr' id='par_1_2' title="bbox 354 611 1419 1695">
     <span class='ocr_line' id='line_1_2' title="bbox 413 611 1416 702; baseline -0.004 -14"><span class='ocrx_word' id='word_1_2' title='bbox 413 623 532 688; x_wconf 78' lang='lat' dir='ltr'><strong>babere</strong></span> <span class='ocrx_word' id='word_1_3' title='bbox 548 629 688 702; x_wconf 89' lang='lat' dir='ltr'><strong>poteram</strong></span> <span class='ocrx_word' id='word_1_4' title='bbox 704 627 889 684; x_wconf 75' lang='lat' dir='ltr'>observasse</span> <span class='ocrx_word' id='word_1_5' title='bbox 911 625 1017 699; x_wconf 80' lang='lat' dir='ltr'><strong>legem</strong></span> <span class='ocrx_word' id='word_1_6' title='bbox 1040 611 1137 697; x_wconf 84' lang='lat' dir='ltr'><strong>illam,</strong></span> <span class='ocrx_word' id='word_1_7' title='bbox 1160 641 1251 699; x_wconf 85' lang='lat' dir='ltr'><strong>qrram</strong></span> <span class='ocrx_word' id='word_1_8' title='bbox 1275 623 1361 696; x_wconf 78' lang='lat' dir='ltr'><strong>nixi,</strong></span> <span class='ocrx_word' id='word_1_9' title='bbox 1384 623 1416 684; x_wconf 89' lang='lat' dir='ltr'><strong>in</strong></span> 
     </span>
     <span class='ocr_line' id='line_1_3' title="bbox 413 735 1416 814; baseline 0 -18"><span class='ocrx_word' id='word_1_10' title='bbox 413 739 590 814; x_wconf 75' lang='lat' dir='ltr'><strong>participiis</strong></span> <span class='ocrx_word' id='word_1_11' title='bbox 613 737 800 810; x_wconf 81' lang='lat' dir='ltr'><strong>usurpandis</strong></span> <span class='ocrx_word' id='word_1_12' title='bbox 824 740 1020 812; x_wconf 84' lang='lat' dir='ltr'><strong>perpetuam,</strong></span> <span class='ocrx_word' id='word_1_13' title='bbox 1043 739 1146 794; x_wconf 89' lang='lat' dir='ltr'><strong>tamen</strong></span> <span class='ocrx_word' id='word_1_14' title='bbox 1170 736 1240 812; x_wconf 89' lang='lat' dir='ltr'><strong>ejus</strong></span> <span class='ocrx_word' id='word_1_15' title='bbox 1259 735 1345 810; x_wconf 80' lang='lat' dir='ltr'><strong>legis</strong></span> <span class='ocrx_word' id='word_1_16' title='bbox 1366 753 1416 796; x_wconf 87' lang='lat' dir='ltr'><strong>ra·</strong></span> 
     </span>
     <span class='ocr_line' id='line_1_4' title="bbox 413 835 1417 918; baseline -0.004 -10"><span class='ocrx_word' id='word_1_17' title='bbox 413 851 530 908; x_wconf 80' lang='lat' dir='ltr'><strong>tionem</strong></span> <span class='ocrx_word' id='word_1_18' title='bbox 552 847 704 918; x_wconf 82' lang='lat' dir='ltr'><strong>indagare</strong></span> <span class='ocrx_word' id='word_1_19' title='bbox 727 835 846 915; x_wconf 74' lang='lat' dir='ltr'><strong>siconi,</strong></span> <span class='ocrx_word' id='word_1_20' title='bbox 870 846 911 904; x_wconf 79' lang='lat' dir='ltr'><strong>(le</strong></span> <span class='ocrx_word' id='word_1_21' title='bbox 935 861 996 918; x_wconf 86' lang='lat' dir='ltr'><strong>qna</strong></span> <span class='ocrx_word' id='word_1_22' title='bbox 1016 846 1064 904; x_wconf 86' lang='lat' dir='ltr'><strong>sio</strong></span> <span class='ocrx_word' id='word_1_23' title='bbox 1078 847 1202 905; x_wconf 84' lang='lat' dir='ltr'><strong>babeto.</strong></span> <span class='ocrx_word' id='word_1_24' title='bbox 1237 843 1417 905; x_wconf 77' lang='lat' dir='ltr'><strong>Verborum</strong></span> 
     </span>
     <span class='ocr_line' id='line_1_5' title="bbox 411 955 1417 1043; baseline -0.001 -25"><span class='ocrx_word' id='word_1_25' title='bbox 411 960 500 1018; x_wconf 92' lang='lat' dir='ltr'><strong>notio</strong></span> <span class='ocrx_word' id='word_1_26' title='bbox 522 957 647 1015; x_wconf 75' lang='lat' dir='ltr'><strong>duotrus</strong></span> <span class='ocrx_word' id='word_1_27' title='bbox 669 955 769 1014; x_wconf 84' lang='lat' dir='ltr'><strong>modis</strong></span> <span class='ocrx_word' id='word_1_28' title='bbox 792 960 900 1030; x_wconf 84' lang='lat' dir='ltr'><strong>potest</strong></span> <span class='ocrx_word' id='word_1_29' title='bbox 916 957 1256 1016; x_wconf 85' lang='lat' dir='ltr'><strong>substantivinorninis</strong></span> <span class='ocrx_word' id='word_1_30' title='bbox 1274 959 1417 1043; x_wconf 88' lang='lat' dir='ltr'><strong>speciem</strong></span> 
     </span>
     <span class='ocr_line' id='line_1_6' title="bbox 409 1067 1416 1138; baseline -0.001 -12"><span class='ocrx_word' id='word_1_31' title='bbox 409 1071 563 1138; x_wconf 80' lang='lat' dir='ltr'><strong>-induerc3</strong></span> <span class='ocrx_word' id='word_1_32' title='bbox 586 1085 655 1125; x_wconf 84' lang='lat' dir='ltr'><strong>earu</strong></span> <span class='ocrx_word' id='word_1_33' title='bbox 678 1070 761 1126; x_wconf 86' lang='lat' dir='ltr'><strong>eninr</strong></span> <span class='ocrx_word' id='word_1_34' title='bbox 784 1069 848 1124; x_wconf 84' lang='lat' dir='ltr'><strong>vim</strong></span> <span class='ocrx_word' id='word_1_35' title='bbox 869 1067 988 1126; x_wconf 88' lang='lat' dir='ltr'><strong>babent</strong></span> <span class='ocrx_word' id='word_1_36' title='bbox 1008 1071 1042 1126; x_wconf 89' lang='lat' dir='ltr'><strong>et</strong></span> <span class='ocrx_word' id='word_1_37' title='bbox 1062 1067 1209 1128; x_wconf 81' lang='lat' dir='ltr'><strong>infinitivi</strong></span> <span class='ocrx_word' id='word_1_38' title='bbox 1223 1073 1257 1126; x_wconf 89' lang='lat' dir='ltr'><strong>et</strong></span> <span class='ocrx_word' id='word_1_39' title='bbox 1272 1071 1416 1128; x_wconf 88' lang='lat' dir='ltr'><strong>substan·</strong></span> 
     </span>
     <span class='ocr_line' id='line_1_7' title="bbox 411 1175 1417 1252; baseline -0.001 -13"><span class='ocrx_word' id='word_1_40' title='bbox 411 1183 479 1240; x_wconf 87' lang='lat' dir='ltr'><strong>tiva</strong></span> <span class='ocrx_word' id='word_1_41' title='bbox 504 1178 654 1238; x_wconf 73' lang='lat' dir='ltr'><strong>verbalia.</strong></span> <span class='ocrx_word' id='word_1_42' title='bbox 706 1175 847 1237; x_wconf 80' lang='lat' dir='ltr'><strong>Accedit</strong></span> <span class='ocrx_word' id='word_1_43' title='bbox 874 1177 915 1234; x_wconf 80' lang='lat' dir='ltr'><strong>erl</strong></span> <span class='ocrx_word' id='word_1_44' title='bbox 944 1177 1025 1236; x_wconf 79' lang='lat' dir='ltr'><strong>iaec</strong></span> <span class='ocrx_word' id='word_1_45' title='bbox 1052 1178 1180 1238; x_wconf 85' lang='lat' dir='ltr'><strong>tertium</strong></span> <span class='ocrx_word' id='word_1_46' title='bbox 1207 1177 1290 1236; x_wconf 88' lang='lat' dir='ltr'><strong>illud</strong></span> <span class='ocrx_word' id='word_1_47' title='bbox 1316 1195 1417 1252; x_wconf 81' lang='lat' dir='ltr'><strong>genus</strong></span> 
     </span>
     <span class='ocr_line' id='line_1_8' title="bbox 412 1286 1419 1366; baseline -0.002 -18"><span class='ocrx_word' id='word_1_48' title='bbox 412 1291 670 1366; x_wconf 80' lang='lat' dir='ltr'><strong>participiorum,</strong></span> <span class='ocrx_word' id='word_1_49' title='bbox 703 1286 788 1360; x_wconf 73' lang='lat' dir='ltr'><strong>quoii</strong></span> <span class='ocrx_word' id='word_1_50' title='bbox 817 1288 913 1360; x_wconf 80' lang='lat' dir='ltr'><strong>longe</strong></span> <span class='ocrx_word' id='word_1_51' title='bbox 941 1288 1062 1346; x_wconf 87' lang='lat' dir='ltr'><strong>rariore</strong></span> <span class='ocrx_word' id='word_1_52' title='bbox 1085 1303 1142 1347; x_wconf 91' lang='lat' dir='ltr'><strong>uso</strong></span> <span class='ocrx_word' id='word_1_53' title='bbox 1165 1294 1295 1346; x_wconf 84' lang='lat' dir='ltr'><strong>estnec</strong></span> <span class='ocrx_word' id='word_1_54' title='bbox 1320 1291 1419 1365; x_wconf 88' lang='lat' dir='ltr'><strong>perti-</strong></span> 
     </span>
     <span class='ocr_line' id='line_1_9' title="bbox 354 1395 1418 1476; baseline -0.004 -16"><span class='ocrx_word' id='word_1_55' title='bbox 354 1425 379 1476; x_wconf 58' lang='lat' dir='ltr'><em>s</em></span> <span class='ocrx_word' id='word_1_56' title='bbox 412 1400 530 1460; x_wconf 81' lang='lat' dir='ltr'><strong>uetari</strong></span> <span class='ocrx_word' id='word_1_57' title='bbox 559 1398 674 1456; x_wconf 89' lang='lat' dir='ltr'><strong>maltos</strong></span> <span class='ocrx_word' id='word_1_58' title='bbox 696 1397 869 1472; x_wconf 84' lang='lat' dir='ltr'><strong>scriptores</strong></span> <span class='ocrx_word' id='word_1_59' title='bbox 892 1403 1025 1473; x_wconf 88' lang='lat' dir='ltr'><strong>praeter</strong></span> <span class='ocrx_word' id='word_1_60' title='bbox 1046 1395 1281 1474; x_wconf 76' lang='lat' dir='ltr'><strong>Thucydidem.</strong></span> <span class='ocrx_word' id='word_1_61' title='bbox 1325 1397 1418 1458; x_wconf 76' lang='lat' dir='ltr'><strong>Haec</strong></span> 
     </span>
     <span class='ocr_line' id='line_1_10' title="bbox 407 1507 1417 1596; baseline -0.001 -27"><span class='ocrx_word' id='word_1_62' title='bbox 407 1512 474 1569; x_wconf 81' lang='lat' dir='ltr'><strong>‘tria</strong></span> <span class='ocrx_word' id='word_1_63' title='bbox 496 1510 595 1584; x_wconf 82' lang='lat' dir='ltr'><strong>igitur</strong></span> <span class='ocrx_word' id='word_1_64' title='bbox 617 1507 774 1596; x_wconf 77' lang='lat' dir='ltr'><strong>quomodo</strong></span> <span class='ocrx_word' id='word_1_65' title='bbox 788 1509 874 1566; x_wconf 88' lang='lat' dir='ltr'><strong>inter</strong></span> <span class='ocrx_word' id='word_1_66' title='bbox 893 1523 927 1565; x_wconf 90' lang='lat' dir='ltr'><strong>se</strong></span> <span class='ocrx_word' id='word_1_67' title='bbox 946 1508 1102 1579; x_wconf 76' lang='lat' dir='ltr'><strong>differant,</strong></span> <span class='ocrx_word' id='word_1_68' title='bbox 1125 1507 1339 1582; x_wconf 79' lang='lat' dir='ltr'><strong>quaerentium</strong></span> <span class='ocrx_word' id='word_1_69' title='bbox 1358 1516 1417 1568; x_wconf 88' lang='lat' dir='ltr'><strong>est.</strong></span> 
     </span>
     <span class='ocr_line' id='line_1_11' title="bbox 412 1617 1417 1695; baseline -0.004 -13"><span class='ocrx_word' id='word_1_70' title='bbox 412 1619 522 1695; x_wconf 78' lang='lat' dir='ltr'><strong>Atque</strong></span> <span class='ocrx_word' id='word_1_71' title='bbox 548 1617 691 1678; x_wconf 86' lang='lat' dir='ltr'><strong>verbalia</strong></span> <span class='ocrx_word' id='word_1_72' title='bbox 719 1619 846 1693; x_wconf 82' lang='lat' dir='ltr'><strong>quidem</strong></span> <span class='ocrx_word' id='word_1_73' title='bbox 877 1622 1070 1678; x_wconf 86' lang='lat' dir='ltr'><strong>substantiva</strong></span> <span class='ocrx_word' id='word_1_74' title='bbox 1102 1620 1182 1676; x_wconf 89' lang='lat' dir='ltr'><strong>bane</strong></span> <span class='ocrx_word' id='word_1_75' title='bbox 1205 1621 1266 1677; x_wconf 84' lang='lat' dir='ltr'><strong>vim</strong></span> <span class='ocrx_word' id='word_1_76' title='bbox 1290 1621 1417 1690; x_wconf 87' lang='lat' dir='ltr'><strong>babent,</strong></span> 
     </span>
    </p>
   </div>
   <div class='ocr_carea' id='block_1_3' title="bbox 413 1729 1428 1812">
    <p class='ocr_par' dir='ltr' id='par_1_3' title="bbox 413 1729 1428 1812">
     <span class='ocr_line' id='line_1_12' title="bbox 413 1729 1428 1812; baseline -0.003 -22"><span class='ocrx_word' id='word_1_77' title='bbox 413 1740 449 1790; x_wconf 86' lang='lat' dir='ltr'><strong>ut</strong></span> <span class='ocrx_word' id='word_1_78' title='bbox 481 1733 580 1806; x_wconf 87' lang='lat' dir='ltr'><strong>ipsam</strong></span> <span class='ocrx_word' id='word_1_79' title='bbox 611 1730 748 1805; x_wconf 86' lang='lat' dir='ltr'><strong>aiicujus</strong></span> <span class='ocrx_word' id='word_1_80' title='bbox 776 1730 1102 1788; x_wconf 39' lang='lat' dir='ltr'><strong>actionisvnotionem</strong></span> <span class='ocrx_word' id='word_1_81' title='bbox 1129 1729 1288 1800; x_wconf 81' lang='lat' dir='ltr'><strong>indiceot3</strong></span> <span class='ocrx_word' id='word_1_82' title='bbox 1329 1732 1428 1812; x_wconf 22' lang='lat' dir='ltr'><strong>notio*</strong></span> 
     </span>
    </p>
   </div>
   <div class='ocr_carea' id='block_1_4' title="bbox 379 1840 1419 2469">
    <p class='ocr_par' dir='ltr' id='par_1_4' title="bbox 379 1840 1419 2469">
     <span class='ocr_line' id='line_1_13' title="bbox 411 1840 1419 1914; baseline -0.003 -13"><span class='ocrx_word' id='word_1_83' title='bbox 411 1849 518 1908; x_wconf 82' lang='lat' dir='ltr'><strong>autem</strong></span> <span class='ocrx_word' id='word_1_84' title='bbox 540 1840 676 1900; x_wconf 86' lang='lat' dir='ltr'><strong>actionis</strong></span> <span class='ocrx_word' id='word_1_85' title='bbox 703 1859 764 1897; x_wconf 95' lang='lat' dir='ltr'><strong>non</strong></span> <span class='ocrx_word' id='word_1_86' title='bbox 794 1841 944 1910; x_wconf 74' lang='lat' dir='ltr'><strong>esthon,</strong></span> <span class='ocrx_word' id='word_1_87' title='bbox 978 1841 1062 1913; x_wconf 87' lang='lat' dir='ltr'><strong>quod</strong></span> <span class='ocrx_word' id='word_1_88' title='bbox 1086 1841 1192 1914; x_wconf 82' lang='lat' dir='ltr'><strong>agitur</strong></span> <span class='ocrx_word' id='word_1_89' title='bbox 1214 1840 1350 1913; x_wconf 80' lang='lat' dir='ltr'><strong>aliquid3</strong></span> <span class='ocrx_word' id='word_1_90' title='bbox 1383 1841 1419 1898; x_wconf 87' lang='lat' dir='ltr'><strong>in</strong></span> 
     </span>
     <span class='ocr_line' id='line_1_14' title="bbox 412 1943 1417 2024; baseline -0.001 -15"><span class='ocrx_word' id='word_1_91' title='bbox 412 1947 537 2024; x_wconf 77' lang='lat' dir='ltr'><strong>agendo</strong></span> <span class='ocrx_word' id='word_1_92' title='bbox 565 1950 648 2006; x_wconf 91' lang='lat' dir='ltr'><strong>euim</strong></span> <span class='ocrx_word' id='word_1_93' title='bbox 676 1949 774 2023; x_wconf 88' lang='lat' dir='ltr'><strong>aliqni</strong></span> <span class='ocrx_word' id='word_1_94' title='bbox 802 1955 905 2006; x_wconf 84' lang='lat' dir='ltr'><strong>motus</strong></span> <span class='ocrx_word' id='word_1_95' title='bbox 938 1943 1028 2007; x_wconf 78' lang='lat' dir='ltr'><strong>inest</strong></span> <span class='ocrx_word' id='word_1_96' title='bbox 1043 1953 1096 2024; x_wconf 87' lang='lat' dir='ltr'><strong>qni</strong></span> <span class='ocrx_word' id='word_1_97' title='bbox 1119 1949 1248 2011; x_wconf 75' lang='lat' dir='ltr'><strong>t&#39;ormarn</strong></span> <span class='ocrx_word' id='word_1_98' title='bbox 1270 1967 1356 2010; x_wconf 84' lang='lat' dir='ltr'><strong>suam</strong></span> <span class='ocrx_word' id='word_1_99' title='bbox 1378 1953 1417 2008; x_wconf 85' lang='lat' dir='ltr'><strong>li·</strong></span> 
     </span>
     <span class='ocr_line' id='line_1_15' title="bbox 379 2057 1416 2132; baseline 0.006 -20"><span class='ocrx_word' id='word_1_100' title='bbox 379 2105 383 2112; x_wconf 88' lang='grc'><em>,</em></span> <span class='ocrx_word' id='word_1_101' title='bbox 411 2075 545 2132; x_wconf 85' lang='lat' dir='ltr'><strong>nemque</strong></span> <span class='ocrx_word' id='word_1_102' title='bbox 575 2057 606 2116; x_wconf 91' lang='lat' dir='ltr'><strong>in</strong></span> <span class='ocrx_word' id='word_1_103' title='bbox 633 2063 778 2132; x_wconf 88' lang='lat' dir='ltr'><strong>tempore</strong></span> <span class='ocrx_word' id='word_1_104' title='bbox 799 2059 913 2128; x_wconf 82' lang='lat' dir='ltr'><strong>babet3</strong></span> <span class='ocrx_word' id='word_1_105' title='bbox 950 2065 1060 2119; x_wconf 82' lang='lat' dir='ltr'><strong>contra</strong></span> <span class='ocrx_word' id='word_1_106' title='bbox 1082 2061 1172 2120; x_wconf 87' lang='lat' dir='ltr'><strong>notio</strong></span> <span class='ocrx_word' id='word_1_107' title='bbox 1195 2061 1329 2120; x_wconf 87' lang='lat' dir='ltr'><strong>actionis</strong></span> <span class='ocrx_word' id='word_1_108' title='bbox 1351 2067 1416 2120; x_wconf 89' lang='lat' dir='ltr'><strong>sta-</strong></span> 
     </span>
     <span class='ocr_line' id='line_1_16' title="bbox 412 2169 1416 2246; baseline 0 -16"><span class='ocrx_word' id='word_1_109' title='bbox 412 2172 478 2230; x_wconf 85' lang='lat' dir='ltr'><strong>bile</strong></span> <span class='ocrx_word' id='word_1_110' title='bbox 499 2169 621 2243; x_wconf 81' lang='lat' dir='ltr'><strong>aliquid</strong></span> <span class='ocrx_word' id='word_1_111' title='bbox 647 2185 685 2226; x_wconf 85' lang='lat' dir='ltr'><strong>ac</strong></span> <span class='ocrx_word' id='word_1_112' title='bbox 707 2171 801 2227; x_wconf 85' lang='lat' dir='ltr'><strong>lixum</strong></span> <span class='ocrx_word' id='word_1_113' title='bbox 825 2175 874 2226; x_wconf 85' lang='lat' dir='ltr'><strong>est</strong></span> <span class='ocrx_word' id='word_1_114' title='bbox 896 2187 957 2227; x_wconf 92' lang='lat' dir='ltr'><strong>non</strong></span> <span class='ocrx_word' id='word_1_115' title='bbox 979 2174 1124 2246; x_wconf 81' lang='lat' dir='ltr'><strong>tempure</strong></span> <span class='ocrx_word' id='word_1_116' title='bbox 1147 2171 1333 2230; x_wconf 86' lang='lat' dir='ltr'><strong>adstrictum</strong></span> <span class='ocrx_word' id='word_1_117' title='bbox 1355 2189 1416 2230; x_wconf 85' lang='lat' dir='ltr'><strong>neo</strong></span> 
     </span>
     <span class='ocr_line' id='line_1_17' title="bbox 411 2279 1415 2342; baseline -0.002 0"><span class='ocrx_word' id='word_1_118' title='bbox 411 2286 470 2342; x_wconf 82' lang='lat' dir='ltr'><strong>sub</strong></span> <span class='ocrx_word' id='word_1_119' title='bbox 496 2279 609 2340; x_wconf 88' lang='lat' dir='ltr'><strong>oculos</strong></span> <span class='ocrx_word' id='word_1_120' title='bbox 636 2280 753 2337; x_wconf 87' lang='lat' dir='ltr'><strong>cadens</strong></span> <span class='ocrx_word' id='word_1_121' title='bbox 780 2279 839 2337; x_wconf 84' lang='lat' dir='ltr'><strong>seri</strong></span> <span class='ocrx_word' id='word_1_122' title='bbox 866 2280 935 2338; x_wconf 84' lang='lat' dir='ltr'><strong>sola</strong></span> <span class='ocrx_word' id='word_1_123' title='bbox 959 2282 1076 2340; x_wconf 86' lang='lat' dir='ltr'><strong>mentis</strong></span> <span class='ocrx_word' id='word_1_124' title='bbox 1098 2282 1274 2340; x_wconf 84' lang='lat' dir='ltr'><strong>intentione</strong></span> <span class='ocrx_word' id='word_1_125' title='bbox 1297 2299 1415 2341; x_wconf 90' lang='lat' dir='ltr'><strong>concc-</strong></span> 
     </span>
     <span class='ocr_line' id='line_1_18' title="bbox 410 2381 1415 2469; baseline 0.001 -19"><span class='ocrx_word' id='word_1_126' title='bbox 410 2397 499 2469; x_wconf 86' lang='lat' dir='ltr'><strong>ptum</strong></span> <span class='ocrx_word' id='word_1_127' title='bbox 529 2409 567 2450; x_wconf 82' lang='lat' dir='ltr'><strong>ac</strong></span> <span class='ocrx_word' id='word_1_128' title='bbox 594 2391 827 2464; x_wconf 85' lang='lat' dir='ltr'><strong>sempiternum.</strong></span> <span class='ocrx_word' id='word_1_129' title='bbox 877 2389 1057 2450; x_wconf 87' lang='lat' dir='ltr'><strong>lnllnitivus</strong></span> <span class='ocrx_word' id='word_1_130' title='bbox 1089 2408 1167 2449; x_wconf 86' lang='lat' dir='ltr'><strong>vero</strong></span> <span class='ocrx_word' id='word_1_131' title='bbox 1197 2381 1298 2465; x_wconf 72' lang='lat' dir='ltr'><strong>&#39;ipsam</strong></span> <span class='ocrx_word' id='word_1_132' title='bbox 1327 2393 1415 2450; x_wconf 92' lang='lat' dir='ltr'><strong>illum</strong></span> 
     </span>
    </p>
   </div>
   <div class='ocr_carea' id='block_1_5' title="bbox 290 2492 1417 2576">
    <p class='ocr_par' dir='ltr' id='par_1_5' title="bbox 290 2492 1417 2576">
     <span class='ocr_line' id='line_1_19' title="bbox 290 2492 1417 2576; baseline 0 -16"><span class='ocrx_word' id='word_1_133' title='bbox 290 2505 296 2513; x_wconf 89' lang='lat'><em>&#39;</em></span> <span class='ocrx_word' id='word_1_134' title='bbox 406 2499 526 2576; x_wconf 75' lang='lat' dir='ltr'><strong>agendi</strong></span> <span class='ocrx_word' id='word_1_135' title='bbox 554 2506 671 2558; x_wconf 90' lang='lat' dir='ltr'><strong>motum</strong></span> <span class='ocrx_word' id='word_1_136' title='bbox 698 2498 835 2570; x_wconf 80' lang='lat' dir='ltr'><strong>indicat,</strong></span> <span class='ocrx_word' id='word_1_137' title='bbox 868 2506 903 2559; x_wconf 90' lang='lat' dir='ltr'><strong>nt</strong></span> <span class='ocrx_word' id='word_1_138' title='bbox 924 2492 977 2573; x_wconf 81' lang='lat' dir='ltr'><strong>agi</strong></span> <span class='ocrx_word' id='word_1_139' title='bbox 1000 2501 1120 2574; x_wconf 81' lang='lat' dir='ltr'><strong>aliquid</strong></span> <span class='ocrx_word' id='word_1_140' title='bbox 1143 2502 1249 2574; x_wconf 88' lang='lat' dir='ltr'><strong>aliquo</strong></span> <span class='ocrx_word' id='word_1_141' title='bbox 1271 2508 1417 2576; x_wconf 89' lang='lat' dir='ltr'><strong>tempore</strong></span> 
     </span>
    </p>
   </div>
   <div class='ocr_carea' id='block_1_6' title="bbox 410 2593 1415 3339">
    <p class='ocr_par' dir='ltr' id='par_1_6' title="bbox 410 2593 1415 3339">
     <span class='ocr_line' id='line_1_20' title="bbox 411 2593 1415 2688; baseline 0.003 -21"><span class='ocrx_word' id='word_1_142' title='bbox 411 2610 628 2681; x_wconf 79' lang='lat' dir='ltr'><strong>intelligatur3</strong></span> <span class='ocrx_word' id='word_1_143' title='bbox 651 2608 735 2681; x_wconf 84' lang='lat' dir='ltr'><strong>quorl</strong></span> <span class='ocrx_word' id='word_1_144' title='bbox 758 2593 942 2682; x_wconf 63' lang='lat' dir='ltr'><strong>quamquam</strong></span> <span class='ocrx_word' id='word_1_145' title='bbox 966 2611 1086 2669; x_wconf 89' lang='lat' dir='ltr'><strong>inlinite</strong></span> <span class='ocrx_word' id='word_1_146' title='bbox 1108 2613 1321 2688; x_wconf 79' lang='lat' dir='ltr'><strong>significatur,</strong></span> <span class='ocrx_word' id='word_1_147' title='bbox 1353 2630 1415 2672; x_wconf 88' lang='lat' dir='ltr'><strong>non</strong></span> 
     </span>
     <span class='ocr_line' id='line_1_21' title="bbox 410 2714 1415 2794; baseline -0.002 -12"><span class='ocrx_word' id='word_1_148' title='bbox 410 2730 515 2782; x_wconf 87' lang='lat' dir='ltr'><strong>tamen</strong></span> <span class='ocrx_word' id='word_1_149' title='bbox 546 2718 633 2778; x_wconf 82' lang='lat' dir='ltr'><strong>ouria</strong></span> <span class='ocrx_word' id='word_1_150' title='bbox 658 2734 696 2776; x_wconf 90' lang='lat' dir='ltr'><strong>ac</strong></span> <span class='ocrx_word' id='word_1_151' title='bbox 726 2718 826 2775; x_wconf 85' lang='lat' dir='ltr'><strong>libera</strong></span> <span class='ocrx_word' id='word_1_152' title='bbox 852 2721 989 2780; x_wconf 85' lang='lat' dir='ltr'><strong>actionis</strong></span> <span class='ocrx_word' id='word_1_153' title='bbox 1017 2723 1106 2782; x_wconf 89' lang='lat' dir='ltr'><strong>notio</strong></span> <span class='ocrx_word' id='word_1_154' title='bbox 1133 2727 1199 2792; x_wconf 87' lang='lat' dir='ltr'><strong>est,</strong></span> <span class='ocrx_word' id='word_1_155' title='bbox 1230 2721 1290 2780; x_wconf 82' lang='lat' dir='ltr'><strong>sed</strong></span> <span class='ocrx_word' id='word_1_156' title='bbox 1316 2714 1415 2794; x_wconf 83' lang='lat' dir='ltr'><strong>aetio,</strong></span> 
     </span>
     <span class='ocr_line' id='line_1_22' title="bbox 411 2829 1415 2906; baseline 0.002 -18"><span class='ocrx_word' id='word_1_157' title='bbox 411 2847 492 2904; x_wconf 84' lang='lat' dir='ltr'><strong>quae</strong></span> <span class='ocrx_word' id='word_1_158' title='bbox 513 2829 621 2903; x_wconf 88' lang='lat' dir='ltr'><strong>aliquo</strong></span> <span class='ocrx_word' id='word_1_159' title='bbox 642 2833 786 2902; x_wconf 84' lang='lat' dir='ltr'><strong>tompore</strong></span> <span class='ocrx_word' id='word_1_160' title='bbox 808 2831 871 2888; x_wconf 75' lang='lat' dir='ltr'><strong>flat.</strong></span> <span class='ocrx_word' id='word_1_161' title='bbox 917 2829 1064 2905; x_wconf 84' lang='lat' dir='ltr'><strong>Denique</strong></span> <span class='ocrx_word' id='word_1_162' title='bbox 1083 2831 1282 2906; x_wconf 81' lang='lat' dir='ltr'><strong>participium</strong></span> <span class='ocrx_word' id='word_1_163' title='bbox 1301 2837 1415 2891; x_wconf 81' lang='lat' dir='ltr'><strong>neutro</strong></span> 
     </span>
     <span class='ocr_line' id='line_1_23' title="bbox 411 2927 1415 3015; baseline 0.003 -17"><span class='ocrx_word' id='word_1_164' title='bbox 411 2959 529 3014; x_wconf 76' lang='lat' dir='ltr'><strong>genere</strong></span> <span class='ocrx_word' id='word_1_165' title='bbox 553 2940 689 3014; x_wconf 86' lang='lat' dir='ltr'><strong>positum</strong></span> <span class='ocrx_word' id='word_1_166' title='bbox 709 2956 750 2997; x_wconf 90' lang='lat' dir='ltr'><strong>co</strong></span> <span class='ocrx_word' id='word_1_167' title='bbox 774 2939 879 3015; x_wconf 78' lang='lat' dir='ltr'><strong>modo,</strong></span> <span class='ocrx_word' id='word_1_168' title='bbox 902 2958 995 3014; x_wconf 85' lang='lat' dir='ltr'><strong>quem</strong></span> <span class='ocrx_word' id='word_1_169' title='bbox 1017 2961 1101 3002; x_wconf 85' lang='lat' dir='ltr'><strong>nrrne</strong></span> <span class='ocrx_word' id='word_1_170' title='bbox 1114 2927 1301 3012; x_wconf 71' lang='lat' dir='ltr'><strong>tractatum,¹</strong></span> <span class='ocrx_word' id='word_1_171' title='bbox 1318 2943 1415 3001; x_wconf 87' lang='lat' dir='ltr'><strong>babet</strong></span> 
     </span>
     <span class='ocr_line' id='line_1_24' title="bbox 410 3050 1414 3126; baseline 0 -16"><span class='ocrx_word' id='word_1_172' title='bbox 410 3053 536 3110; x_wconf 82' lang='lat' dir='ltr'><strong>tertiam</strong></span> <span class='ocrx_word' id='word_1_173' title='bbox 564 3050 700 3124; x_wconf 79' lang='lat' dir='ltr'><strong>aliquam</strong></span> <span class='ocrx_word' id='word_1_174' title='bbox 729 3067 772 3108; x_wconf 86' lang='lat' dir='ltr'><strong>ex</strong></span> <span class='ocrx_word' id='word_1_175' title='bbox 799 3050 925 3110; x_wconf 87' lang='lat' dir='ltr'><strong>illarum</strong></span> <span class='ocrx_word' id='word_1_176' title='bbox 955 3058 1086 3126; x_wconf 82' lang='lat' dir='ltr'><strong>otrarpre</strong></span> <span class='ocrx_word' id='word_1_177' title='bbox 1113 3053 1241 3110; x_wconf 86' lang='lat' dir='ltr'><strong>mixtam</strong></span> <span class='ocrx_word' id='word_1_178' title='bbox 1265 3053 1414 3126; x_wconf 85' lang='lat' dir='ltr'><strong>aequasi</strong></span> 
     </span>
     <span class='ocr_line' id='line_1_25' title="bbox 412 3160 1415 3236; baseline 0.004 -20"><span class='ocrx_word' id='word_1_179' title='bbox 412 3160 573 3218; x_wconf 79' lang='lat' dir='ltr'><strong>confusam</strong></span> <span class='ocrx_word' id='word_1_180' title='bbox 606 3161 879 3230; x_wconf 81' lang='lat' dir='ltr'><strong>significationem.</strong></span> <span class='ocrx_word' id='word_1_181' title='bbox 930 3160 997 3221; x_wconf 84' lang='lat' dir='ltr'><strong>Seri</strong></span> <span class='ocrx_word' id='word_1_182' title='bbox 1024 3166 1205 3236; x_wconf 80' lang='lat' dir='ltr'><strong>superiores</strong></span> <span class='ocrx_word' id='word_1_183' title='bbox 1235 3162 1308 3221; x_wconf 88' lang='lat' dir='ltr'><strong>illas</strong></span> <span class='ocrx_word' id='word_1_184' title='bbox 1337 3165 1415 3221; x_wconf 80' lang='lat' dir='ltr'><strong>duas</strong></span> 
     </span>
     <span class='ocr_line' id='line_1_26' title="bbox 410 3268 1414 3339; baseline 0.005 -13"><span class='ocrx_word' id='word_1_185' title='bbox 410 3268 657 3339; x_wconf 77' lang='lat' dir='ltr'><strong>significationes</strong></span> <span class='ocrx_word' id='word_1_186' title='bbox 684 3273 948 3330; x_wconf 83' lang='lat' dir='ltr'><strong>substantivorum</strong></span> <span class='ocrx_word' id='word_1_187' title='bbox 978 3274 1152 3331; x_wconf 83' lang='lat' dir='ltr'><strong>verbalium</strong></span> <span class='ocrx_word' id='word_1_188' title='bbox 1181 3278 1215 3330; x_wconf 89' lang='lat' dir='ltr'><strong>et</strong></span> <span class='ocrx_word' id='word_1_189' title='bbox 1245 3270 1414 3332; x_wconf 81' lang='lat' dir='ltr'><strong>infinitivo·</strong></span> 
     </span>
    </p>
   </div>
   <div class='ocr_carea' id='block_1_7' title="bbox 410 3375 1430 3568">
    <p class='ocr_par' dir='ltr' id='par_1_7' title="bbox 410 3375 1430 3568">
     <span class='ocr_line' id='line_1_27' title="bbox 410 3375 1430 3456; baseline 0.007 -21"><span class='ocrx_word' id='word_1_190' title='bbox 410 3393 477 3439; x_wconf 88' lang='lat' dir='ltr'><strong>rum</strong></span> <span class='ocrx_word' id='word_1_191' title='bbox 506 3375 604 3434; x_wconf 81' lang='lat' dir='ltr'><strong>facile</strong></span> <span class='ocrx_word' id='word_1_192' title='bbox 630 3379 700 3451; x_wconf 88' lang='lat' dir='ltr'><strong>quis</strong></span> <span class='ocrx_word' id='word_1_193' title='bbox 728 3380 926 3442; x_wconf 82' lang='lat' dir='ltr'><strong>intellexerit</strong></span> <span class='ocrx_word' id='word_1_194' title='bbox 950 3383 1032 3442; x_wconf 86' lang='lat' dir='ltr'><strong>adeo</strong></span> <span class='ocrx_word' id='word_1_195' title='bbox 1062 3384 1203 3442; x_wconf 81' lang='lat' dir='ltr'><strong>diversas</strong></span> <span class='ocrx_word' id='word_1_196' title='bbox 1230 3389 1326 3456; x_wconf 84' lang='lat' dir='ltr'><strong>atque</strong></span> <span class='ocrx_word' id='word_1_197' title='bbox 1348 3383 1430 3442; x_wconf 74' lang='lat' dir='ltr'><strong>‹lis-&#39;&#39;</strong></span> 
     </span>
     <span class='ocr_line' id='line_1_28' title="bbox 410 3493 1427 3568; baseline 0.008 -23"><span class='ocrx_word' id='word_1_198' title='bbox 410 3504 503 3563; x_wconf 88' lang='lat' dir='ltr'><strong>pares</strong></span> <span class='ocrx_word' id='word_1_199' title='bbox 531 3501 618 3558; x_wconf 89' lang='lat' dir='ltr'><strong>esse,</strong></span> <span class='ocrx_word' id='word_1_200' title='bbox 651 3498 686 3548; x_wconf 91' lang='lat' dir='ltr'><strong>ut</strong></span> <span class='ocrx_word' id='word_1_201' title='bbox 710 3507 761 3548; x_wconf 88' lang='lat' dir='ltr'><strong>eas</strong></span> <span class='ocrx_word' id='word_1_202' title='bbox 790 3493 821 3548; x_wconf 91' lang='lat' dir='ltr'><strong>in</strong></span> <span class='ocrx_word' id='word_1_203' title='bbox 847 3509 936 3548; x_wconf 88' lang='lat' dir='ltr'><strong>unam</strong></span> <span class='ocrx_word' id='word_1_204' title='bbox 959 3493 1046 3550; x_wconf 83' lang='lat' dir='ltr'><strong>coire</strong></span> <span class='ocrx_word' id='word_1_205' title='bbox 1071 3507 1161 3566; x_wconf 85' lang='lat' dir='ltr'><strong>posse</strong></span> <span class='ocrx_word' id='word_1_206' title='bbox 1184 3498 1297 3568; x_wconf 76' lang='lat' dir='ltr'><strong>negct3</strong></span> <span class='ocrx_word' id='word_1_207' title='bbox 1329 3493 1427 3567; x_wconf 82' lang='lat' dir='ltr'><strong>qnod·</strong></span> 
     </span>
    </p>
   </div>
   <div class='ocr_carea' id='block_1_8' title="bbox 411 3599 1413 3678">
    <p class='ocr_par' dir='ltr' id='par_1_8' title="bbox 411 3599 1413 3678">
     <span class='ocr_line' id='line_1_29' title="bbox 411 3599 1413 3678; baseline 0.005 -24"><span class='ocrx_word' id='word_1_208' title='bbox 411 3601 492 3656; x_wconf 90' lang='lat' dir='ltr'><strong>enim</strong></span> <span class='ocrx_word' id='word_1_209' title='bbox 516 3599 547 3656; x_wconf 91' lang='lat' dir='ltr'><strong>ln</strong></span> <span class='ocrx_word' id='word_1_210' title='bbox 569 3599 702 3657; x_wconf 84' lang='lat' dir='ltr'><strong>hominis</strong></span> <span class='ocrx_word' id='word_1_211' title='bbox 718 3603 845 3659; x_wconf 86' lang='lat' dir='ltr'><strong>notione</strong></span> <span class='ocrx_word' id='word_1_212' title='bbox 862 3607 923 3670; x_wconf 83' lang='lat' dir='ltr'><strong>est,</strong></span> <span class='ocrx_word' id='word_1_213' title='bbox 945 3621 1006 3662; x_wconf 88' lang='lat' dir='ltr'><strong>uon</strong></span> <span class='ocrx_word' id='word_1_214' title='bbox 1027 3607 1133 3678; x_wconf 87' lang='lat' dir='ltr'><strong>potest</strong></span> <span class='ocrx_word' id='word_1_215' title='bbox 1153 3602 1236 3660; x_wconf 77' lang='lat' dir='ltr'><strong>idem</strong></span> <span class='ocrx_word' id='word_1_216' title='bbox 1252 3605 1283 3660; x_wconf 92' lang='lat' dir='ltr'><strong>in</strong></span> <span class='ocrx_word' id='word_1_217' title='bbox 1298 3603 1413 3678; x_wconf 79' lang='lat' dir='ltr'><strong>agendi</strong></span> 
     </span>
    </p>
   </div>
   <div class='ocr_carea' id='block_1_9' title="bbox 386 3706 1420 3802">
    <p class='ocr_par' dir='ltr' id='par_1_9' title="bbox 386 3706 1420 3802">
     <span class='ocr_line' id='line_1_30' title="bbox 386 3706 1420 3802; baseline 0.004 -36"><span class='ocrx_word' id='word_1_218' title='bbox 386 3787 389 3794; x_wconf 30' lang='grc' dir='ltr'>Ι</span> <span class='ocrx_word' id='word_1_219' title='bbox 411 3713 496 3766; x_wconf 81' lang='lat' dir='ltr'><strong>motu</strong></span> <span class='ocrx_word' id='word_1_220' title='bbox 520 3709 641 3766; x_wconf 80' lang='lat' dir='ltr'><strong>versari</strong></span> <span class='ocrx_word' id='word_1_221' title='bbox 663 3710 719 3766; x_wconf 78' lang='lat' dir='ltr'><strong>seri</strong></span> <span class='ocrx_word' id='word_1_222' title='bbox 743 3718 793 3770; x_wconf 88' lang='lat' dir='ltr'><strong>est</strong></span> <span class='ocrx_word' id='word_1_223' title='bbox 805 3717 1005 3788; x_wconf 79' lang='lat' dir='ltr'><strong>perpetuum</strong></span> <span class='ocrx_word' id='word_1_224' title='bbox 1021 3719 1116 3784; x_wconf 84' lang='lat' dir='ltr'><strong>atque</strong></span> <span class='ocrx_word' id='word_1_225' title='bbox 1134 3717 1307 3772; x_wconf 88' lang='lat' dir='ltr'><strong>aeternum.</strong></span> <span class='ocrx_word' id='word_1_226' title='bbox 1345 3706 1420 3802; x_wconf 65' lang='lat' dir='ltr'><strong>Sed·</strong></span> 
     </span>
    </p>
   </div>
   <div class='ocr_carea' id='block_1_10' title="bbox 374 3817 1413 4346">
    <p class='ocr_par' dir='ltr' id='par_1_10' title="bbox 374 3817 1413 4346">
     <span class='ocr_line' id='line_1_31' title="bbox 410 3817 1412 3897; baseline 0.002 -21"><span class='ocrx_word' id='word_1_227' title='bbox 410 3825 513 3876; x_wconf 88' lang='lat' dir='ltr'><strong>tumen</strong></span> <span class='ocrx_word' id='word_1_228' title='bbox 544 3824 709 3891; x_wconf 86' lang='lat' dir='ltr'><strong>utrumqne</strong></span> <span class='ocrx_word' id='word_1_229' title='bbox 742 3822 787 3878; x_wconf 89' lang='lat' dir='ltr'><strong>ita</strong></span> <span class='ocrx_word' id='word_1_230' title='bbox 816 3823 981 3880; x_wconf 89' lang='lat' dir='ltr'><strong>conciliari</strong></span> <span class='ocrx_word' id='word_1_231' title='bbox 1015 3817 1100 3880; x_wconf 87' lang='lat' dir='ltr'><strong>inter</strong></span> <span class='ocrx_word' id='word_1_232' title='bbox 1128 3839 1162 3882; x_wconf 84' lang='lat' dir='ltr'><strong>se</strong></span> <span class='ocrx_word' id='word_1_233' title='bbox 1193 3841 1231 3880; x_wconf 92' lang='lat' dir='ltr'><strong>ac</strong></span> <span class='ocrx_word' id='word_1_234' title='bbox 1262 3824 1412 3897; x_wconf 77' lang='lat' dir='ltr'><strong>conjungi</strong></span> 
     </span>
     <span class='ocr_line' id='line_1_32' title="bbox 410 3930 1413 4003; baseline 0.006 -19"><span class='ocrx_word' id='word_1_235' title='bbox 410 3932 533 4003; x_wconf 82' lang='lat' dir='ltr'><strong>potest,</strong></span> <span class='ocrx_word' id='word_1_236' title='bbox 564 3933 600 3986; x_wconf 87' lang='lat' dir='ltr'><strong>ut</strong></span> <span class='ocrx_word' id='word_1_237' title='bbox 621 3930 733 3987; x_wconf 81' lang='lat' dir='ltr'><strong>eorleru</strong></span> <span class='ocrx_word' id='word_1_238' title='bbox 756 3933 816 3988; x_wconf 87' lang='lat' dir='ltr'><strong>linc</strong></span> <span class='ocrx_word' id='word_1_239' title='bbox 833 3941 868 3994; x_wconf 90' lang='lat' dir='ltr'><strong>et</strong></span> <span class='ocrx_word' id='word_1_240' title='bbox 888 3935 1059 3990; x_wconf 84' lang='lat' dir='ltr'><strong>aeternitas</strong></span> <span class='ocrx_word' id='word_1_241' title='bbox 1073 3935 1209 3992; x_wconf 82' lang='lat' dir='ltr'><strong>notionis</strong></span> <span class='ocrx_word' id='word_1_242' title='bbox 1232 3937 1413 3990; x_wconf 85' lang='lat' dir='ltr'><strong>coarctetur</strong></span> 
     </span>
     <span class='ocr_line' id='line_1_33' title="bbox 411 4035 1411 4118; baseline 0.008 -24"><span class='ocrx_word' id='word_1_243' title='bbox 411 4041 445 4096; x_wconf 87' lang='lat' dir='ltr'><strong>ct</strong></span> <span class='ocrx_word' id='word_1_244' title='bbox 467 4035 585 4112; x_wconf 82' lang='lat' dir='ltr'><strong>agendi</strong></span> <span class='ocrx_word' id='word_1_245' title='bbox 606 4042 728 4099; x_wconf 84' lang='lat' dir='ltr'><strong>subitus</strong></span> <span class='ocrx_word' id='word_1_246' title='bbox 750 4047 852 4102; x_wconf 91' lang='lat' dir='ltr'><strong>motus</strong></span> <span class='ocrx_word' id='word_1_247' title='bbox 875 4043 1067 4104; x_wconf 85' lang='lat' dir='ltr'><strong>extenrlatnr</strong></span> <span class='ocrx_word' id='word_1_248' title='bbox 1085 4051 1120 4104; x_wconf 89' lang='lat' dir='ltr'><strong>et</strong></span> <span class='ocrx_word' id='word_1_249' title='bbox 1137 4044 1223 4118; x_wconf 85' lang='lat' dir='ltr'><strong>quasi</strong></span> <span class='ocrx_word' id='word_1_250' title='bbox 1245 4041 1411 4114; x_wconf 82' lang='lat' dir='ltr'><strong>consistut3</strong></span> 
     </span>
     <span class='ocr_line' id='line_1_34' title="bbox 374 4147 1410 4228; baseline 0.01 -26"><span class='ocrx_word' id='word_1_251' title='bbox 374 4187 378 4195; x_wconf 88' lang='lat'><em>.</em></span> <span class='ocrx_word' id='word_1_252' title='bbox 403 4147 445 4202; x_wconf 82' lang='lat' dir='ltr'><strong>iri</strong></span> <span class='ocrx_word' id='word_1_253' title='bbox 468 4149 550 4205; x_wconf 90' lang='lat' dir='ltr'><strong>enim</strong></span> <span class='ocrx_word' id='word_1_254' title='bbox 572 4147 606 4204; x_wconf 81' lang='lat' dir='ltr'><strong>itt</strong></span> <span class='ocrx_word' id='word_1_255' title='bbox 628 4151 754 4223; x_wconf 80' lang='lat' dir='ltr'><strong>quando</strong></span> <span class='ocrx_word' id='word_1_256' title='bbox 776 4156 862 4212; x_wconf 89' lang='lat' dir='ltr'><strong>actio</strong></span> <span class='ocrx_word' id='word_1_257' title='bbox 884 4155 990 4228; x_wconf 85' lang='lat' dir='ltr'><strong>aliqua</strong></span> <span class='ocrx_word' id='word_1_258' title='bbox 1014 4157 1093 4214; x_wconf 88' lang='lat' dir='ltr'><strong>certi</strong></span> <span class='ocrx_word' id='word_1_259' title='bbox 1116 4155 1250 4213; x_wconf 88' lang='lat' dir='ltr'><strong>bominis</strong></span> <span class='ocrx_word' id='word_1_260' title='bbox 1266 4153 1318 4209; x_wconf 87' lang='lat' dir='ltr'><strong>vel</strong></span> <span class='ocrx_word' id='word_1_261' title='bbox 1339 4169 1410 4212; x_wconf 90' lang='lat' dir='ltr'><strong>cer·</strong></span> 
     </span>
     <span class='ocr_line' id='line_1_35' title="bbox 398 4259 1410 4346; baseline 0.01 -32"><span class='ocrx_word' id='word_1_262' title='bbox 398 4262 464 4346; x_wconf 84' lang='lat' dir='ltr'><strong>tae</strong></span> <span class='ocrx_word' id='word_1_263' title='bbox 486 4259 532 4314; x_wconf 87' lang='lat' dir='ltr'><strong>rei</strong></span> <span class='ocrx_word' id='word_1_264' title='bbox 556 4263 682 4334; x_wconf 89' lang='lat' dir='ltr'><strong>propria</strong></span> <span class='ocrx_word' id='word_1_265' title='bbox 704 4277 774 4322; x_wconf 86' lang='lat' dir='ltr'><strong>csso</strong></span> <span class='ocrx_word' id='word_1_266' title='bbox 798 4264 933 4336; x_wconf 67' lang='lat' dir='ltr'><strong>(licitum</strong></span> <span class='ocrx_word' id='word_1_267' title='bbox 956 4266 1001 4325; x_wconf 90' lang='lat' dir='ltr'><strong>ita</strong></span> <span class='ocrx_word' id='word_1_268' title='bbox 1024 4268 1104 4327; x_wconf 87' lang='lat' dir='ltr'><strong>enim</strong></span> <span class='ocrx_word' id='word_1_269' title='bbox 1128 4261 1219 4324; x_wconf 89' lang='lat' dir='ltr'><strong>simul</strong></span> <span class='ocrx_word' id='word_1_270' title='bbox 1241 4267 1276 4322; x_wconf 86' lang='lat' dir='ltr'><strong>et</strong></span> <span class='ocrx_word' id='word_1_271' title='bbox 1291 4265 1410 4339; x_wconf 76' lang='lat' dir='ltr'><strong>aliquid</strong></span> 
     </span>
    </p>
   </div>
   <div class='ocr_carea' id='block_1_11' title="bbox 1600 1497 1603 1672">
    <p class='ocr_par' dir='ltr' id='par_1_11' title="bbox 1600 1469 1603 1672">
     <span class='ocr_line' id='line_1_36' title="bbox 1600 1497 1603 1672; baseline 0 -198"><span class='ocrx_word' id='word_1_272' title='bbox 1600 1497 1603 1672; x_wconf 44' lang='lat'>4</span> 
     </span>
    </p>
   </div>
   <div class='ocr_carea' id='block_1_12' title="bbox 0 0 1662 5064">
    <p class='ocr_par' dir='ltr' id='par_1_12' title="bbox 0 0 1662 5064">
     <span class='ocr_line' id='line_1_37' title="bbox 0 0 1662 5064; baseline 0 0"><span class='ocrx_word' id='word_1_273' title='bbox 0 0 1662 5064; x_wconf 95' lang='lat' dir='ltr'><strong> </strong></span> 
     </span>
    </p>
   </div>
  </div>
 </body>
</html>
