3276 5054
531 815 539 892 l
586 848 827 924 manenda
849 849 897 922 'et
918 843 1224 937 corrigenda.

404 1113 465 1186 Pag.
484 1118 507 1172 1,
523 1109 570 1168 liu.
586 1114 610 1168 3.
629 1127 678 1186 pro
696 1106 856 1190 καβῖσησς
876 1106 929 1180 leg.
947 1089 1132 1189 mutilorum.

404 1198 466 1272 Pag.
483 1203 506 1254 3.
524 1194 621 1256 tinto
645 1192 737 1250 Adde:
755 1192 791 1249 el.
807 1189 853 1251 lib.
871 1191 940 1261 Vlll‚
958 1186 1253 1261 c.78extr.01'lxovp
1274 1192 1404 1279 ἔφασαν

487 1280 607 1366 χρῆναι
628 1277 751 1365 μέλλειν
771 1273 826 1362 ἔτι,
847 1274 932 1344 ἀλλὰ
956 1283 1205 1364 διαναυμαχεῖν.
1240 1283 1404 1359 quibusver·

487 1367 539 1433 bis,
557 1366 681 1443 quoniam
699 1363 733 1421 de
751 1362 846 1420 eadem
862 1384 892 1419 re
909 1363 1002 1437 agitur,
1020 1365 1085 1423 satis
1099 1363 1244 1422 declaratur
1260 1365 1404 1424 celeritatis
1490 1377 1493 1382 '

487 1452 623 1506 notionem
641 1451 687 1505 vix
711 1449 796 1505 omitti
813 1449 946 1528 potuisse.
962 1479 995 1490 -
1028 1447 1136 1505 Deinde
1157 1447 1192 1509 ad
1209 1450 1259 1511 lin.
1276 1456 1316 1516 13.
1334 1451 1403 1512 adde

486 1535 579 1612 Eurip·
597 1531 699 1592 Phoen-
718 1537 776 1589 899-
804 1534 833 1597 εἱ
852 1527 895 1618 μή
918 1561 963 1608 τις
982 1532 1131 1601 πείσεται.

366 1613 370 1624 .
402 1622 464 1697 Pau„
482 1626 523 1689 57,
540 1619 587 1676 lin.
603 1623 628 1675 2.
646 1615 707 1673 dele
724 1617 964 1694 interpunctionem
981 1628 1044 1696 post
1060 1618 1158 1690 buum
1170 1621 1207 1678 ib.
1221 1619 1268 1678 lin.
1282 1627 1307 1682 7.
1323 1622 1403 1680 scrib.

486 1702 678 1783 proficisci.
695 1722 746 1780 pro
763 1701 938 1778 proficisc.
955 1711 983 1758 et
998 1701 1044 1763 lia.
1063 1709 1102 1762 tt.
1121 1715 1180 1763 est.
1199 1725 1248 1783 pro
1267 1705 1339 1764 esti.

402 1790 467 1865 Peg.
485 1795 526 1847 65.
543 1787 614 1846 lin.2
632 1795 660 1843 et
676 1789 700 1844 3.
717 1785 912 1875 Ἐπὶσχολῆς
938 1785 1005 1846 dixit
1022 1789 1100 1845 ctiam
1118 1789 1186 1848 Plut.
1198 1789 1279 1848 Caes.
1298 1794 1356 1849 et.
1374 1799 1401 1848 et

486 1872 532 1958 ἐφ’
555 1869 698 1954 ἡσυχίας
719 1870 791 1928 idem
809 1872 939 1930 'lbemist
957 1893 980 1932 c.
998 1878 1038 1930 16.
1063 1873 1147 1931 Aede
1158 1873 1403 1952 coquodsequitur

487 1959 533 2044 ἐφ’
556 1955 680 2040 ἡλικίας
702 1956 818 2014 conferri
836 1956 919 2014 debet
936 1957 1073 2036 Aristopb.
1088 1959 1177 2036 Equit
1194 1965 1252 2016 524.
1274 1956 1322 2026 ἐπὶ
1342 1957 1399 2048 νή.

487 2075 559 2130 porc,
581 2043 620 2108 od
642 2039 710 2129 peip
731 2041 777 2124 ἐφ’
800 2037 887 2125 ἥβης.

403 2135 466 2208 rag.
485 2136 527 2189 69.
543 2127 590 2186 lin.
609 2134 647 2189 15,
663 2147 714 2206 pro
736 2125 944 2203 quodamodo
962 2125 1013 2203 leg.
1031 2127 1275 2192 ouodammodo.

402 2217 464 2291 Peg.
482 2220 522 2270 91.
540 2213 586 2272 lin.
605 2220 644 2270 11.
661 2213 693 2268 ab
712 2210 758 2268 ult.
776 2211 858 2267 scrib.
877 2211 1071 2299 {vgsvpoefffge
1093 2234 1142 2293 pro
1159 2217 1358 2302 gvgsupffipqge·

402 2302 463 2376 Peg.
481 2305 522 2357 94.
539 2299 577 2356 lin
594 2303 635 2356 20.
654 2317 695 2372 sq.
712 2296 792 2356 scrib.
810 2294 989 2382 βούλεσβαι
1012 2337 1025 2349 -
1049 2301 1216 2376 quispiam
1233 2321 1283 2379 pro
1299 2313 1400 2387 βουῑε.

486 2401 545 2462 βαι
569 2422 582 2436 .
605 2383 680 2461 quis
698 2383 792 2459 piam.
1265 2427 1270 2432 .

402 2471 464 2548 Peg.
480 2477 521 2532 97.
548 2469 580 2526 ln
602 2465 769 2526 emendando
791 2467 907 2542 Gorgiae
930 2467 991 2525 loco
1014 2468 1096 2524 multo
1119 2471 1200 2538 magis
1224 2469 1258 2525 de
1280 2470 1400 2531 audaciae

468 2593 471 2602 ι
487 2555 597 2612 crimine
611 2551 743 2609 sollicitus
759 2570 838 2620 cram,
857 2573 933 2628 quam
952 2552 1093 2630 sperabam
1106 2552 1141 2608 de
1155 2550 1276 2608 codicum
1290 2553 1398 2624 auxilie

486 2660 546 2696 nam
564 2635 637 2716 quod
658 2635 744 2691 tribus
766 2634 846 2690 simul
867 2636 953 2691 modis
976 2657 1070 2692 vocem
1088 2633 1224 2721 ἅόρῃφοι,
1251 2647 1397 2709 mutassem

487 2734 516 2780 nt
533 2724 719 2779 restitueretur
742 2715 919 2806 alitam
937 2721 1062 2796 quamvis
1074 2729 1130 2778 tres
1159 2721 1218 2778 illas
1244 2725 1397 2780 mutationes

461 2845 462 2850 =
485 2810 550 2865 satis
572 2805 797 2862 demonstrassem
819 2825 871 2883 per
892 2825 922 2862 se
941 2803 1059 2878 singulas
1080 2807 1309 2883 frequentissimas
1333 2828 1400 2879 csse.¹

483 2909 632 2967 vocemque
654 2889 740 2966 ipsam
757 2910 771 2944 a
789 2910 832 2946 me
853 2891 999 2945 restitutam
1017 2894 1165 2946 sententiae
1186 2891 1324 2968 praeclare
1342 2914 1404 2950 cou-

483 2977 577 3032 venire
594 2967 784 3048 intelligerem,
802 2982 891 3029 tamen
907 2973 1032 3029 timebam
1050 2994 1084 3029 na
1099 2976 1178 3030 nimis
1195 2976 1311 3032 violenta
1329 2977 1404 3035 vide-

483 3069 558 3117 retur
574 3056 618 3114 illa
636 3059 798 3114 cautioribus
814 3057 928 3131 ingeniis
947 3057 1091 3126 medicina;
1110 3060 1182 3135 quod
1199 3069 1285 3117 autem
1304 3061 1404 3119 Walzii

483 3143 619 3200 rhetorum
643 3142 726 3199 editio
749 3142 892 3197 edmarus
914 3161 969 3196 nou
993 3149 1062 3206 erat,
1087 3162 1174 3218 paene
1196 3165 1248 3200 uon
1271 3145 1404 3216 dolebam,

484 3230 545 3304 quia
563 3228 591 3282 in
606 3236 660 3284 tam
677 3227 749 3302 gravi
772 3223 921 3302 corruptela
945 3225 1091 3280 communis
1109 3225 1181 3281 solet
1202 3247 1266 3284 esse
1282 3229 1404 3286 codicum

484 3331 549 3370 mss.
568 3330 655 3376 error3
673 3311 842 3387 inspecturus
860 3323 947 3367 tamen
960 3327 1031 3365 eram
1049 3306 1194 3366 editionem
1212 3310 1293 3380 illam,
1310 3316 1362 3370 nisi
1376 3314 1405 3371 id

483 3398 510 3451 in
529 3414 629 3451 summa
653 3395 827 3471 occupatione
850 3394 950 3450 oblitus
973 3410 1072 3451 essem.
1107 3392 1184 3450 Nune
1206 3416 1271 3453 vero
1292 3399 1404 3455 mirifice

484 3477 549 3534 mibi
566 3476 711 3556 displiceo,
734 3476 807 3554 quod
824 3487 877 3533 tam
895 3497 988 3554 parum
1005 3475 1119 3532 fiduciae
1136 3480 1164 3534 in
1181 3477 1258 3540 codd.
1274 3501 1339 3539 mss.
1356 3503 1404 3559 po·

484 3565 541 3635 sui3
559 3561 639 3618 video
658 3562 728 3618 euim
746 3565 835 3639 ipsum
853 3560 920 3618 illud
937 3552 1104 3648 εὐόργητοι
1126 3583 1161 3619 ex
1178 3565 1212 3620 iis
1228 3566 1281 3638 jam
1298 3569 1404 3623 restitu-

484 3660 539 3705 tum
562 3665 625 3704 esse
647 3667 661 3701 a
684 3644 790 3703 Walaio
813 3647 841 3700 in
862 3647 999 3703 rhetorum
1020 3648 1073 3704 vol.
1097 3647 1128 3706 V.
1149 3667 1209 3723 pag.
1231 3651 1289 3708 550.
1315 3668 1403 3726 neque

483 3742 571 3788 tamen
589 3732 710 3807 poenitet
727 3733 909 3805 conjecturae,
930 3751 998 3809 quae
1017 3732 1069 3787 etsi
1086 3732 1220 3809 superllua
1239 3731 1295 3800 luit,
1312 3743 1404 3810 potest

482 3826 570 3872 tamen
588 3815 749 3872 documento
767 3835 844 3883 csse,
866 3835 901 3872 ue
918 3817 998 3873 nimis
1020 3814 1096 3873 lacile
1115 3815 1280 3890 conjectandi
1297 3817 1403 3874 audacia

485 3911 631 3958 accusetur.

400 3987 461 4062 Pag.
479 3990 535 4041 104.
553 3983 601 4040 lin.
612 3990 637 4043 8.
655 3985 758 4041 Eodem
777 3983 857 4040 modo
874 3982 998 4066 ἐπέχειν
1019 3985 1117 4041 dictum
1135 3983 1186 4040 sed
1202 3987 1262 4042 siue
1279 4005 1342 4041 casu
1359 4007 1403 4064 ap.

482 4071 574 4147 Eurlp·
591 4068 687 4127 Bacch·
707 4074 779 4132 1129.
811 4066 960 4150 Ἀυτονόη
991 4070 1014 4136 s’
1039 4063 1134 4152 dwloe
1164 4100 1195 4136 ae
1217 4071 1279 4145 πᾶς
1300 4070 1403 4152 ἐπεῖχε

483 4156 629 4238 Βακχῶν,
674 4151 713 4210 lbi
731 4151 875 4228 Elmslejus
898 4157 935 4212 ait
951 4164 1077 4233 congesta
1101 4175 1164 4213 csse
1182 4153 1305 4234 exempla
1325 4157 1404 4216 multa

387 4283 391 4289 -
484 4239 675 4314 alliusgravio.
