3316 5064
599 453 725 567 -ar
769 537 813 572 -,-

200 681 309 750 reptos
331 676 362 734 in
385 681 487 735 totum
508 674 636 733 scilicet
653 675 760 734 iocum
781 677 1022 750 transportabat.
1054 673 1206 738 Feminae

200 790 301 844 tamen
324 787 377 844 ubi
400 792 435 844 et
460 785 590 843 caedem
613 785 792 844 maritorum
815 793 849 846 et
868 785 1020 846 Paciretis
1040 786 1205 847 libidinem

198 895 445 967 intellexerant,
487 913 600 970 magno
633 897 738 954 animo
778 897 860 954 inter
888 897 1023 956 bostiam
1054 898 1206 956 stationes

198 1005 327 1080 elapsae
356 1021 441 1064 mare
472 1021 582 1066 versus
615 1005 808 1078 aufugerunt
838 1009 873 1063 et
905 1007 1064 1079 navigium
1092 1011 1205 1066 nactae

197 1130 316 1173 summo
345 1133 416 1173 cam
446 1115 593 1191 periculo
622 1105 777 1188 Athenas
794 1123 1019 1190 pervenerunt.
1061 1115 1112 1176 lbi
1138 1126 1204 1177 tum

198 1221 278 1281 (Tleo
301 1224 405 1300 plebis
427 1225 536 1284 favore
560 1227 723 1284 maximam
747 1227 919 1301 potentiam
941 1227 1121 1298 obtinebat,
1150 1229 1203 1303 qui

195 1333 289 1392 borno
313 1344 346 1394 ut
369 1340 437 1394 erat
459 1337 491 1398 in
513 1353 631 1395 summa
653 1336 779 1409 ignavia
800 1337 1000 1396 saevissimos
1022 1345 1056 1396 et
1072 1337 1203 1396 atrocis*

195 1444 292 1502 simae
325 1446 479 1522 cariusque
506 1447 684 1504 sententiae
706 1451 835 1516 auctor,
865 1446 1018 1532 adegerat
1039 1450 1203 1523 populum,

196 1561 232 1614 ut
264 1554 304 1612 de
333 1559 416 1614 omni
443 1555 713 1634 Mytilenaeorum
743 1555 874 1616 civitate
905 1557 1094 1633 supplicium
1123 1561 1203 1619 sumi

189 1655 338 1742 juberet,
372 1685 535 1742 aegraque
559 1667 691 1726 Diodoti
714 1666 820 1726 studio
843 1667 1023 1758 perfeetum
1047 1678 1135 1739 erat,
1168 1653 1229 1729 ut*

194 1782 320 1836 urratato'
339 1777 532 1852 populiscitu
554 1778 586 1834 in
609 1778 734 1838 nobiles
753 1782 872 1836 tantum
890 1777 1075 1840 saeviretur.
1120 1753 1200 1838 llei-

194 1885 276 1949 lanis
298 1906 376 1946 reru
399 1891 433 1944 et
451 1883 605 1946 Lamaxis
626 1906 720 1963 quum
743 1887 842 1962 patris
865 1888 1105 1961 maritorumque
1123 1891 1199 1947 anri-

194 2013 250 2055 cos
269 2003 305 2056 et
327 1999 520 2073 propinquos
543 1999 684 2069 adirent,
713 2012 820 2055 omnes
838 2014 931 2071 quum
954 1996 1201 2074 pulchritudinis

192 2123 268 2165 suae
296 2113 360 2166 tmn
389 2110 484 2166 animi
513 2109 711 2168 constantiae
738 2107 946 2166 admiratione
977 2107 1200 2182 impleverunt,

192 2233 295 2288 neque
326 2215 391 2274 ulia
418 2217 481 2274 alia
507 2222 572 2274 tum
605 2215 711 2274 fabula
737 2221 806 2274 tota
835 2221 913 2274 urbe
940 2217 1101 2275 celebrior
1122 2217 1198 2292 fuit3

191 2331 374 2398 tantumque
397 2329 466 2381 erat
488 2326 534 2381 rei
556 2324 741 2382 nriracuium
756 2341 793 2381 ac
811 2329 873 2381 tam
893 2339 1049 2398 propensa
1063 2326 1200 2385 omnium

118 2506 122 2514 Ι
191 2435 354 2504 variantes,
389 2440 424 2502 ut
447 2435 564 2492 nemini
587 2434 717 2491 dubium
743 2439 847 2502 esset,
878 2432 953 2507 qain
978 2433 1091 2492 iterum
1114 2435 1197 2493 miti-

192 2552 266 2618 gato
289 2544 484 2621 populiscitu
512 2545 682 2619 optimates
711 2560 837 2618 quoque
860 2542 1035 2603 incolumes
1059 2545 1198 2604 evadere

189 2659 377 2730 potuissent,
399 2654 425 2714 si
449 2654 598 2713 mulieres
621 2653 731 2730 paucis
749 2654 861 2713 diebus
881 2655 968 2728 prius
984 2653 1197 2716 advenissent.

190 2749 257 2825 Sed
280 2765 355 2823 iliae
379 2765 513 2839 patriam
537 2765 728 2838 maritasque
751 2780 845 2837 quum
869 2755 1198 2853 servare'iucoinr'acs
1254 2769 1258 2776 '

189 2895 250 2934 non
280 2881 471 2952 potuissent,
507 2874 676 2933 fortissime
703 2881 811 2940 tamen
836 2875 982 2948 perditos
1003 2876 1087 2934 ultae
1108 2886 1196 2948 sant3

189 3005 258 3046 narn
282 2993 316 3044 et
339 2985 578 3056 pulchritudine
607 2988 640 3042 et
663 2985 810 3042 castitate
834 2999 953 3042 sunrrua
975 2989 1010 3042 et
1032 2988 1197 3046 verissimo

189 3099 299 3156 dolore
333 3095 414 3155 adeo
452 3101 609 3170 ceperunt
641 3095 799 3152 iroruinum
834 3095 972 3166 auinaue,
1015 3098 1195 3170 tantamque

173 3183 282 3266 ¹iidem
303 3207 363 3265 sibi
384 3225 422 3266 ac
444 3207 674 3264 miserationem
699 3204 836 3262 omnium
858 3205 1078 3279 conciliarunt,
1100 3225 1194 3281 quum

190 3316 229 3373 de
253 3318 384 3376 avaritia
401 3313 435 3375 ot
456 3317 589 3392 pertidia
606 3323 639 3374 et
653 3315 786 3374 libidine
801 3314 954 3376 Paciretis
973 3325 1194 3399 quererentur,
1276 3383 1279 3392 y

189 3432 225 3484 ut
252 3443 344 3498 quom
375 3428 430 3486 ille
458 3431 498 3485 ab
526 3427 659 3500 imperio
684 3441 830 3484 reversus
853 3427 1098 3500 repetundarum
1120 3442 1194 3484 reus

189 3535 293 3594 i'actus
316 3546 416 3607 esset,
450 3537 677 3596 infensissimos
700 3537 832 3612 jndices
854 3537 987 3595 baberet
1009 3537 1192 3610 desperata·

189 3655 251 3720 que
273 3646 376 3704 salute
398 3649 514 3721 inipso
533 3641 660 3722 judicio
680 3663 715 3705 se
735 3646 844 3722 gladio
863 3649 1073 3721 transfigeret.
1111 3643 1205 3750 ¹¹⁰¹2

187 3757 268 3816 lanis
290 3771 367 3813 vero
396 3763 431 3812 et
452 3753 599 3814 Lauraxis
621 3757 652 3814 in
685 3756 858 3814 desolatam
884 3761 1014 3831 patriam
1043 3772 1211 3814 reuersae'

188 3885 281 3942 quum
300 3866 383 3934 diem
404 3867 556 3936 obissent,
578 3885 679 3942 prope
694 3869 823 3925 maritus
839 3867 984 3942 sepultae
1002 3866 1106 3923 multis
1121 3871 1192 3940 post

187 3955 326 4036 saeculis
348 3976 495 4035 laudibus
519 3976 670 4062 cultaque
697 3981 833 4035 omnium
857 3976 1039 4035 celebratae
1060 3983 1134 4034 sunt
1156 3983 1192 4035 ut

187 4086 375 4148 fortissimae
398 4088 560 4155 beroinae,
582 4089 703 4162 patriae
727 4089 973 4159 maritorumque
996 4085 1138 4146 ultrices.

271 4197 337 4256 Sed
360 4198 441 4256 baec
469 4197 638 4268 hactenus;
667 4215 746 4272 (quae
771 4215 860 4272 quam
888 4213 965 4255 vere
988 4196 1189 4265 narraverim,

185 4307 305 4379 siquis
327 4325 525 4384 cognoscere
548 4311 649 4384 cupit,
672 4311 770 4367 testes
791 4309 907 4369 habeto
930 4305 1066 4368 Aristot.
1090 4306 1188 4368 Polit.

944 4413 989 4482 3*
