3316 5064
866 428 1078 496 ...2ss-

470 581 524 680 uui
547 583 711 664 communi
730 603 808 662 inito
831 620 902 661 com
924 595 1007 660 oruni
1029 601 1196 662 nobilitate
1220 601 1353 660 consilio
1375 617 1473 676 gene·

469 731 557 774 rosos
573 715 701 772 maritos
718 714 898 785 elegerunt,
922 713 1110 788 nuptiasque
1127 729 1238 786 magua
1257 731 1371 790 uorupa
1385 713 1473 770 cele·

347 865 354 874 -
469 829 606 886 bearunt.
651 823 739 892 Quas
761 841 854 897 quum
869 823 1062 884 Doxandms
1082 813 1262 898 eoruparata
1275 823 1474 899 plebeJorom

463 939 558 994 'manu
586 935 728 1008 pervim
750 935 878 993 turbare
902 939 1089 1008 conaretur,
1120 933 1245 992 nobiles
1266 933 1363 1010 globo
1386 933 1487 998 lueto¹

467 1050 502 1104 et
524 1043 648 1102 illorum
671 1043 809 1103 strrorem
832 1044 1056 1120 reppulerunt,
1078 1048 1113 1102 et
1134 1059 1231 1117 quum
1253 1043 1339 1102 baud
1360 1045 1474 1120 injurie

466 1155 715 1229 suspicarentur,
738 1171 878 1234 magnam
900 1155 961 1212 sibi
983 1153 1132 1213 iuvidiam
1155 1151 1367 1236 ovlloxandro
1388 1154 1473 1228 apud

439 1257 680 1335 [litbeuienses
701 1263 867 1325 conflatam
890 1279 973 1334 esse,
994 1279 1053 1322 seu
1076 1274 1163 1325 metu
1184 1280 1242 1324 seu
1264 1265 1476 1339 couscientia,

467 1377 655 1435 tutissimum
678 1374 739 1431 reti
761 1373 869 1432 fecere
891 1373 944 1448 id,
980 1373 1065 1447 quod
1087 1376 1335 1448 accusabantur,
1368 1391 1473 1444 rerum

442 1472 525 1561 'per
551 1486 613 1542 vim
641 1483 736 1559 potiti
763 1489 838 1543 scrut
866 1491 900 1543 et
924 1488 964 1542 ab
985 1484 1235 1544 Atheniensibus
1256 1485 1356 1542 invita
1378 1484 1473 1559 plebe

457 1595 666 1659 defecerunt.
709 1591 747 1652 Iu
775 1595 888 1668 quibus
917 1599 1013 1660 rebus
1041 1596 1184 1654 omnibns
1213 1599 1372 1674 strenuom
1393 1611 1470 1668 epe-

465 1721 530 1766 ram
552 1711 706 1764 naverunt
727 1707 835 1763 rneriti‘
855 1706 915 1777 illi,
937 1687 990 1780 qui
1013 1705 1108 1766 etiam
1132 1703 1218 1764 bello
1241 1709 1355 1762 exorto
1379 1721 1470 1780 urae·

466 1816 554 1889 eipui
578 1815 743 1874 exercitus
766 1812 865 1875 dulces
888 1817 1073 1874 extiterunt.
1117 1813 1191 1874 Sed·
1209 1833 1281 1874 cum
1295 1812 1470 1873 Athenien-

464 1941 517 1982 ses
539 1923 660 1982 duabus
681 1926 812 1986 advecti
835 1927 988 1986 elassibus
1001 1923 1142 1985 Pacbete
1158 1926 1244 2000 duee
1263 1928 1372 1984 urbem
1385 1932 1471 1998 terra

465 2037 605 2115 morione
627 2034 823 2105 obsiderent,
845 2053 948 2108 neque
965 2035 1031 2094 ulla
1044 2039 1084 2092 ab
1100 2031 1362 2095 Lacedaemoniis
1378 2035 1468 2092 auxi-

465 2143 502 2200 lii
522 2159 596 2219 spes
617 2131 719 2221 esset,
743 2152 778 2204 et
799 2146 949 2210 intestino
972 2147 1066 2206 etiem
1088 2146 1255 2208 seditionis
1277 2146 1359 2204 malo
1381 2147 1468 2204 labo·

366 2295 369 2300 .
465 2259 600 2324 metor,
622 2257 744 2315 accidit
767 2262 801 2316 ut
822 2257 945 2315 nobiles
963 2257 1087 2331 arrtebe
1111 2255 1215 2316 coacti
1239 2260 1346 2317 urbem
1369 2256 1467 2316 dede-

432 2433 436 2440 ·
465 2368 536 2422 rent
565 2382 604 2422 ea
633 2364 726 2440 lege,
759 2361 800 2426 ne
827 2385 920 2442 quem
942 2369 974 2426 iu
996 2355 1124 2426 vinculo
1147 2367 1324 2441 conjiceret
1346 2364 1470 2426 Pacbes

463 2480 519 2533 aut
541 2473 701 2548 supplicio
724 2477 871 2536 alliceret
891 2483 1058 2550 antequam
1080 2453 1186 2550 iegati
1202 2473 1242 2532 de
1262 2478 1355 2536 venia
1369 2478 1467 2552 impe-

465 2584 577 2642 tranda
599 2585 743 2644 Athenas
771 2587 855 2644 arrissi
885 2588 1103 2647 revertissent.
1146 2584 1258 2660 ltaque
1280 2585 1337 2644 iile
1361 2589 1469 2646 urbem

465 2695 713 2752 eum'exercito
742 2671 912 2770 ingressus*
929 2698 1034 2758 stetim
1055 2697 1213 2766 ostendit,
1247 2714 1338 2770 quam
1361 2715 1470 2772 parom

415 2801 419 2811 '
464 2805 560 2862 victis
581 2805 624 2862 sit
645 2805 676 2862 iu
700 2807 804 2879 pactis
823 2807 978 2878 fiduciae3
1000 2816 1096 2880 atque
1120 2807 1142 2863 ii
1166 2807 1293 2880 quidem
1312 2807 1395 2866 inter
1411 2825 1467 2866 no·

466 2913 562 2986 biles,
596 2917 649 2986 qui
678 2918 813 2978 maxime
842 2917 1036 2976 desectionis
1062 2922 1211 2979 auctores
1237 2917 1389 2990 fuissent,
1426 2917 1467 2974 do

464 3025 565 3083 salute
588 3042 644 3084 sua
665 3025 811 3102 solliciti,
836 3028 874 3086 ad
899 3027 1029 3087 deornm
1052 3027 1361 3107 arasconfogerunt3
1384 3029 1469 3085 inter

464 3149 544 3209 quos
576 3145 667 3194 eraut
701 3137 800 3195 etiam
826 3135 1032 3217 Timophanis
1065 3139 1188 3212 generi.
1252 3135 1301 3196 De
1334 3153 1467 3211 quorum

407 3245 411 3254 ’
457 3245 618 3322 ιιιιοιΙΙιιιε
641 3244 765 3308 Paclres
788 3263 881 3320 quum
903 3247 1023 3307 summ'a
1044 3265 1188 3322 quaeque
1211 3247 1388 3322 praedicari
1410 3264 1465 3304 eu·

404 3360 408 3372 ‘
465 3353 567 3428 diret,
601 3353 722 3417 nelarie
750 3375 820 3416 eum
845 3358 962 3443 cupido
985 3359 1114 3430 invasit,
1147 3362 1182 3417 ui
1202 3361 1308 3416 eesiu
1329 3360 1466 3433 praedae

466 3471 556 3540 parte
589 3474 746 3552 tamquam
779 3483 887 3530 servas
919 3471 1102 3543 cociperet3
1142 3468 1370 3543 libidinemque
1397 3470 1467 3544 ejus

466 3591 524 3647 per
544 3575 785 3652 imprudentiam
810 3579 1002 3638 castissimae
1024 3579 1159 3638 feminae
1181 3579 1281 3653 ruagis
1302 3581 1397 3637 etiam
1411 3593 1465 3636 ac·

465 3686 660 3768 cenderunt3
683 3705 777 3762 quum
799 3673 882 3748 enim
898 3689 1094 3749 accederent
1111 3689 1151 3748 ad
1164 3705 1248 3764 enm,
1269 3690 1465 3763 genibusque

466 3793 636 3856 advolutae
659 3816 716 3874 pro
739 3801 919 3861 maritorum
941 3800 1044 3858 solute
1064 3800 1292 3874 supplicarent,
1316 3797 1371 3854 ille
1392 3811 1465 3869 pre-

466 3917 523 3963 ces
544 3907 670 3978 quidem
689 3909 779 3969 nihili
793 3909 885 3983 fecit,
908 3909 1154 3988 pulchritudinis
1166 3926 1243 3968 vero
1258 3905 1465 3965 admiratione

464 4018 628 4090 obreptus,
651 4022 736 4094 ipses
756 4021 788 4077 in
809 4020 934 4098 tempus
957 4023 1091 4091 diunisii,
1113 4021 1243 4080 meritos
1256 4020 1361 4077 notem
1384 4013 1464 4072 clam

467 4123 603 4186 iuteriioi
621 4127 735 4204 jussit,
764 4149 858 4206 ιμιιιιιι
881 4133 1008 4206 quidem
1031 4145 1088 4190 eos
1108 4145 1143 4188 se
1166 4125 1332 4188 Tenedum
1354 4125 1464 4183 missu·

466 4250 534 4296 rum
556 4239 683 4299 diceret
708 4259 779 4302 cum
801 4241 943 4314 reliquis„
960 4231 1134 4309 nobilibus,
1167 4252 1245 4312 quoa
1267 4238 1306 4306 ab
1327 4237 1394 4294 aris
1410 4238 1464 4294 ab-
