3316 5064
633 443 846 511 ...37-

233 621 325 680 vocis
351 616 588 693 significatione
616 617 735 688 dicam,
769 621 896 694 poterat
921 617 1045 680 duobus
1065 619 1168 680 modis
1188 619 1237 680 in·

232 731 359 808 telligi,
395 731 528 807 primum
560 729 647 804 qnod
678 717 715 786 ad
746 715 868 788 τοιόνδε
896 720 1012 806 ἀξιοῦν
1036 744 1102 790 non
1130 735 1239 806 potest
1299 727 1300 734 '

234 841 314 918 dici,
335 849 521 917 quamquam
543 839 577 897 id
602 852 728 918 qaoque
749 855 865 896 novam
886 838 1121 926 videturesse,
1145 840 1236 902 dein-

233 953 275 1011 de
302 951 388 1027 qood
414 944 448 1007 ἐν
475 942 521 1026 σῷ
540 941 653 1026 τὸιῷδε
679 949 727 1008 sic
756 964 870 1024 perse
896 949 1096 1010 intellectum
1117 947 1238 1026 legitur

232 1049 506 1138 frequentissime,
536 1077 669 1135 qnorum
696 1063 866 1134 utrumqne
891 1075 976 1118 nune
1005 1060 1237 1121 demonstrabo.

232 1172 284 1234 Ac
306 1173 347 1229 de
370 1170 573 1244 grammatica
595 1169 725 1245 quidem
746 1171 870 1231 ratione
892 1169 1047 1231 formulae
1068 1163 1105 1228 ἐν
1118 1163 1163 1246 τῷ
1180 1191 1239 1229 rua-

233 1275 297 1358 ᾤὸε
320 1271 462 1356 ἀξιοῦντι
487 1281 567 1340 uiuit
589 1281 736 1340 dubitant
756 1281 966 1356 interpretem
997 1299 1060 1341 noa
1083 1281 1167 1340 enim
1187 1282 1237 1340 in·

232 1393 399 1466 telligunt,
440 1391 645 1450 intercedere
681 1390 803 1465 aliquid
837 1391 1029 1453 discriminis
1061 1391 1146 1452 inter
1174 1392 1237 1450 lroc

232 1501 417 1578 exemplum
457 1506 492 1561 et
521 1520 561 1561 ea
594 1501 692 1562 multa
719 1503 978 1578 participiorum,
1014 1519 1095 1576 quae
1122 1507 1239 1562 neutro

232 1631 353 1690 genere
378 1630 437 1689 pro
457 1611 662 1674 substantivis
682 1615 758 1688 poni
777 1613 878 1690 ajunt,
900 1612 941 1671 de
961 1613 1074 1686 quibos
1088 1612 1240 1674 dixerunt

232 1723 345 1786 llIattb.
369 1721 429 1782 Gr.
451 1739 500 1798 gr.
524 1717 557 1800 §
569 1719 643 1794 971,
666 1719 737 1782 Ἠ).
759 1721 937 1784 Bernhard.
960 1719 1054 1799 Synt.
1076 1741 1148 1798 pag.
1163 1715 1239 1781 327.

231 1833 346 1912 Poppo
369 1833 520 1908 Prolegg.
543 1831 569 1892 l.
594 1850 667 1908 pag.
682 1829 743 1891 100
779 1833 916 1894 Blooml'.
938 1833 978 1891 ad
996 1823 1151 1910 Tlr'ucyd.
1173 1830 1240 1904 lll,

234 1963 303 2020 cap.
328 1940 380 2004 10.
408 1949 442 2004 et
464 1944 528 2007 alii.
571 1940 701 2004 Nullum
723 1951 828 2005 autem
850 1945 936 2003 inter
957 1961 997 2002 eu
1018 1943 1084 2004 tale
1107 1947 1173 2015 est,
1203 1947 1241 2004 ut

232 2055 404 2140 participio
432 2054 575 2114 additum
601 2055 645 2113 sit
672 2073 787 2114 norrren
813 2053 943 2129 aliquod
965 2053 1021 2112 vel
1043 2053 1241 2130 adjectivum

232 2163 286 2221 vel
315 2163 471 2235 adjectivi
498 2163 640 2236 speciem
668 2164 798 2225 babens.
845 2163 947 2230 Quam
976 2181 1043 2222 rem
1064 2164 1241 2224 verendum

233 2273 347 2328 estne
370 2270 461 2327 nitaris
482 2268 585 2328 levem
608 2276 722 2344 putent
744 2273 940 2342 grammatici
961 2289 1000 2330 ae
1023 2287 1115 2330 casus
1135 2273 1244 2346 potius

234 2379 406 2440 temeritati
429 2381 572 2438 tribuant
593 2395 685 2452 qnam
709 2385 817 2439 certae
839 2380 973 2450 rationi3
1001 2379 1082 2463 lieet
1104 2381 1242 2440 enimin

233 2489 291 2549 rati
325 2506 360 2548 re
383 2490 514 2548 'nimiam
542 2488 696 2564 quandam
727 2506 801 2550 usas
827 2489 1018 2549 observandi
1044 2488 1243 2563 diligentiam

234 2599 416 2661 calumniari
423 2621 433 2671 3
470 2601 551 2660 licet
571 2599 693 2674 aliquid
714 2615 844 2675 sperare
867 2600 908 2659 de
930 2600 1084 2676 exemplis
1104 2599 1243 2661 nondum

233 2709 387 2786 repertis3
420 2713 516 2788 atque
545 2711 627 2770 adeo
653 2717 727 2770 sunt
754 2712 851 2772 etiam
873 2712 926 2786 qut
950 2711 1078 2772 soleant
1098 2712 1244 2788 perditos

233 2823 408 2906 scriptores
430 2823 547 2882 nroltos
569 2825 774 2898 praetexere.
818 2819 849 2883 A
871 2825 986 2896 ouibus
1007 2822 1151 2882 omnibns
1173 2841 1243 2883 mea

233 2931 445 2992 vehenmenter
471 2932 633 3006 discrepat
659 2933 777 3006 opinio.
828 2927 901 2990 Non
931 2931 1014 2990 enim
1042 2949 1127 3004 nego
1148 2949 1241 3008 posse

233 3014 369 3114 aliquam
392 3041 517 3100 nimiam
539 3044 573 3102 in
595 3043 658 3102 boc
680 3057 801 3118 genere
823 3040 1024 3114 diligentiam
1046 3057 1134 3122 esse3
1157 3040 1243 3100 idem

234 3157 339 3212 umen
360 3151 440 3214 illud
463 3169 590 3228 quoque
612 3153 772 3228 intelligo,
793 3151 822 3210 sl
844 3151 970 3226 quando
993 3150 1121 3213 collatis
1136 3151 1245 3211 moltis

234 3262 286 3320 vel
309 3265 453 3334 omuibus
475 3264 632 3339 exeurplis
652 3263 730 3321 satis
752 3260 998 3322 demonstratum
1021 3260 1136 3335 fuerit,
1165 3279 1242 3323 con·

235 3348 332 3430 tineri
359 3373 498 3448 aliquem
526 3389 613 3433 usam
646 3373 744 3431 certis
772 3372 959 3446 quibusdam
985 3372 1121 3447 linibus,
1160 3373 1245 3434 ultra

236 3497 317 3556 qrros
337 3482 392 3539 ille
416 3499 476 3543 non
504 3483 675 3560 pertineat,
698 3499 758 3542 non
781 3481 903 3541 debere
923 3499 992 3540 eam
1011 3498 1087 3543 usus
1105 3484 1242 3543 circum·

235 3591 440 3666 scriptionem
466 3612 575 3652 vanam
603 3591 829 3667 fortuitamqoe
859 3591 981 3664 videri,
1011 3591 1153 3668 quamvis
1171 3591 1246 3667 ejus

237 3702 418 3776 probabiles
441 3718 555 3763 causae
576 3704 713 3780 reperiri
737 3706 905 3776 nequeant.
954 3701 993 3762 ld
1017 3703 1101 3763 enim
1117 3679 1256 3777 quaudo

236 3813 368 3884 accidit,
391 3829 451 3870 nun
475 3829 548 3873 usus
569 3814 732 3874 temeritas
745 3811 801 3872 scd
822 3818 928 3874 nostra
946 3813 1052 3889 potius
1065 3814 1245 3872 accusanda

237 3930 286 3981 est
309 3921 474 3994 debilitas,
505 3925 558 3997 qui
582 3941 663 3998 quac
686 3940 802 3983 causae
824 3939 912 3982 nsum
935 3923 1095 3991 rexerint,
1122 3923 1243 3982 sentire

237 4046 297 4090 non
326 4034 500 4109 possimusr
537 4033 650 4094 deesse
680 4036 762 4094 enim
792 4050 904 4096 causas
931 4033 1122 4106 legibusque
1150 4031 1244 4106 plane

237 4144 410 4204 arbitrariis
436 4147 472 4202 et
502 4147 543 4204 ab
570 4145 693 4204 ratione
720 4145 834 4210 alienis
865 4161 953 4204 usum
983 4141 1140 4202 contineri
1160 4139 1244 4199 baud

237 4251 335 4312 tlrcile
372 4273 506 4329 urrquaur
541 4256 765 4318 concesserim.
832 4255 1044 4324 Quamobrem
1076 4251 1139 4314 etsi
1168 4249 1245 4312 satis
