3276 5054
585 403 817 472 -105-

203 565 298 652 σφίσι
317 588 394 634 vero
415 573 535 639 dictum
558 579 608 636 est
629 581 665 637 ut
686 576 762 638 alibi
783 566 871 638 κατὰ
893 572 983 655 σφᾶς
1002 578 1043 643 de
1056 579 1209 654 celeuil-r

202 699 302 746 versa.
344 685 519 748 Praeterea
545 686 586 744 ed
613 687 834 760 explicandum
861 689 961 748 totius
981 688 1196 770 locisenteu-

202 793 277 857 tiam
304 795 382 864 illud
410 794 512 867 eddo,
547 795 747 873 participium
768 785 918 876 γνόντες,
959 799 1001 858 de
1023 815 1086 873 quo
1107 803 1196 860 recto

198 903 262 980 jam
289 905 344 964 alii
370 907 564 977 metuerunt,
593 922 667 966 nou
685 905 939 984 cuojrmgendum
960 923 1031 968 esse
1055 925 1125 967 cum
1146 923 1197 968 se·

200 1018 319 1088 quente
338 1016 522 1088 accusetiru
542 1004 600 1085 νὰς
620 1009 713 1093 ναῦς,
733 1017 792 1078 sed
813 1019 990 1080 accusativi
1010 1018 1084 1083 loeo
1100 1017 1195 1078 intel·

199 1122 258 1198 ligi
281 1141 333 1194 ee,
354 1141 435 1198 qnae
458 1119 553 1203 paulo
573 1131 648 1187 ente
671 1126 760 1187 dicte
780 1133 863 1198 suni,
886 1129 977 1204 cnjus
994 1143 1195 1188 usussexem·

199 1232 255 1308 pla
274 1248 370 1308 supra
394 1234 488 1294 uituli
512 1251 579 1310 cap.
602 1233 644 1296 V.
666 1235 706 1294 ud
727 1237 782 1296 lib.
805 1235 901 1310 Vlll‚
924 1256 953 1296 c.
977 1235 1028 1307 71,
1068 1236 1195 1302 Deinde

198 1342 400 1424 participium
438 1329 651 1423 &melidunen-
688 1346 844 1420 quomodo
882 1348 1020 1420 intelligi
1058 1348 1197 1406 voluerit

197 1449 324 1538 Puppo
345 1468 406 1512 non
432 1456 507 1514 satis
529 1455 721 1526 declaravit3
756 1472 838 1530 quiue
865 1458 947 1517 euim
974 1455 1081 1517 Bauer
1106 1459 1196 1532 ponit

196 1562 288 1628 verbi
306 1552 553 1644 Ιν’]νεολαμβνίνειν
579 1565 727 1640 cumillis
753 1566 807 1628 lib.
829 1565 861 1636 l,
890 1585 917 1629 c.
940 1563 988 1628 68.
1001 1635 1004 1644 ¹
1017 1571 1057 1645 οἱ]
1073 1583 1108 1642 c„
1126 1565 1194 1630 121.

196 1688 236 1730 ea
256 1671 448 1735 alienissime
469 1689 540 1734 esse
567 1677 771 1750 pronunciet,
805 1675 922 1734 deiude
945 1675 1066 1758 Dobrei
1088 1679 1195 1756 verbis

197 1781 327 1858 delegat
347 1783 389 1842 ad
409 1784 464 1844 lib.
479 1783 541 1856 vl,
564 1803 593 1846 c.
607 1783 657 1850 28.
679 1786 725 1850 ibi
745 1801 853 1846 rursus
866 1784 987 1858 Dobrei
1003 1788 1196 1849 seutentiam

196 1890 237 1950 de
265 1893 468 1970 corrigendo
481 1893 558 1954 loco
581 1891 702 1955 refutat
727 1899 762 1954 et
787 1883 1026 1986 ὑπολαμβάνειν
1048 1895 1194 1971 explicui

195 2005 397 2077 excipere,
418 2005 614 2078 arripere3
637 1999 836 2080 egiturcnim
850 2005 891 2066 de
908 2005 1100 2084 criminibus,
1113 2023 1193 2088 quae

193 2115 226 2172 in
247 2107 449 2174 Alcibiadem
472 2114 693 2194 conferunturp
714 2116 745 2172 in
768 2133 859 2188 quem
879 2115 1066 2178 sententium
1087 2130 1194 2176 rursus

194 2222 341 2291 Dobreus
361 2203 552 2288 alienissime
573 2226 608 2281 et
630 2223 847 2282 diversissima.
862 2223 1013 2297 exempla
1034 2225 1141 2283 attulit
1159 2232 1193 2284 et
1232 2253 1233 2256 ¹

192 2335 272 2403 boe,
300 2331 341 2391 de
363 2347 426 2404 quo
446 2333 584 2406 egimus,
612 2335 646 2390 ei
666 2331 721 2392 lib.
744 2330 788 2401 V,
811 2351 841 2402 c,
864 2329 913 2396 lh.
936 2321 1193 2419 ulri'uirroiocptloh

191 2464 258 2502 νειν
278 2447 328 2503 est
348 2441 539 2516 excipere
559 2442 597 2500 in
619 2441 907 2521 respondendo3
931 2440 1069 2516 denique
1085 2441 1191 2510 Hero·

193 2554 259 2617 dot.
271 2551 333 2624 vl,
356 2570 385 2610 e.
401 2548 453 2612 27.
476 2551 662 2612 ubidicitur
684 2550 725 2608 de
744 2552 795 2626 iis,
818 2566 897 2626 quos
915 2549 1049 2626 Delphis
1066 2553 1191 2612 domum

189 2669 391 2727 revertentes
408 2663 439 2721 in
461 2663 578 2721 itinere
597 2663 724 2720 morbus
737 2660 889 2738 pestilens
902 2657 1082 2736 intencipit3
1105 2664 1192 2737 quod
1250 2741 1251 2744 Ἴ

191 2775 319 2851 quidem
344 2772 488 2847 proxime
516 2769 653 2832 accedit,
671 2770 711 2828 ed
739 2769 856 2832 Baueri
882 2772 1033 2846 'exernple
1059 2792 1078 2830 e
1104 2771 1188 2848 Pop-

190 2883 483 2962 puncimprobatn.
530 2878 590 2946 llis
617 2871 715 2953 igitur
744 2880 901 2968 quomodo
929 2881 975 2938 uti
997 2880 1135 2940 voluerit
1156 2888 1190 2940 et

190 2985 267 3072 rjuid
295 2989 564 3070 comprobaverit,
594 2992 713 3058 viderit
741 2993 819 3066 ipse.
863 2987 938 3062 Ego
964 2991 1090 3049 interim
1111 2981 1204 3048 ὑπο-’

189 3095 366 3187 λαμβάνειν
388 3077 582 3180 interpretur
603 3101 866 3190 intercipere,
892 3099 925 3158 in
947 3115 1037 3173 qnam
1058 3105 1187 3158 senten·

190 3217 265 3278 tium
290 3213 373 3275 bend
405 3214 510 3273 uliena
535 3215 608 3272 snut
629 3209 748 3270 Baueri
776 3208 938 3284 exempla,
974 3209 1086 3283 quibus
1112 3209 1188 3268 eddi

190 3326 286 3386 etlam
307 3323 408 3398 possit
433 3322 520 3383 aliud
546 3321 601 3382 lib.
623 3317 686 3395 v1,
710 3337 737 3383 c.
761 3315 811 3378 58.
855 3317 991 3400 Scilicet
1012 3320 1121 3395 lugeto
1143 3322 1185 3378 si·
1241 3343 1248 3382 ,·
1297 3371 1300 3380 ,

188 3436 288 3496 mistro
317 3431 619 3507 Peloponnesiorum
652 3445 749 3488 corun
778 3429 911 3488 liberum
939 3428 1187 3489 Atheniensibus

188 3545 251 3605 luit
275 3523 427 3616 deinceps
452 3543 586 3616 mediam
609 3541 691 3600 aciei
711 3544 832 3616 partem
854 3539 1021 3610 invadere,
1053 3555 1185 3612 eamque

188 3651 468 3732 deprehenderunt
496 3655 536 3714 ab
562 3651 619 3710 illo
647 3651 767 3710 auxilio
788 3648 944 3710 nudatam.
989 3646 1084 3715 Quod
1107 3664 1184 3706 con-

182 3767 268 3844 jecit
289 3763 436 3824 Dobreus
463 3766 499 3821 et
518 3762 606 3836 qnod
629 3761 705 3836 mihi
727 3760 852 3834 quoquc
874 3760 1064 3818 innuentem
1085 3773 1186 3818 vene-⁴

92 3904 97 3914 ¹
121 3866 128 3871 ’
186 3881 240 3938 rui
263 3859 479 3950 ἀπολαβόντες
506 3873 665 3942 scribere,
699 3869 800 3928 minus
825 3868 953 3960 videtur
979 3870 1084 3940 epium
1111 3881 1182 3926 csse

185 3993 355 4062 propterea
379 3983 463 4057 quod
490 3999 552 4042 non
579 3982 679 4056 ipsum
702 3980 851 4054 impetum
873 3979 913 4038 eb
934 3973 1182 4038 Atheniensibus
1294 4029 1297 4044 ,

186 4096 305 4164 factum
336 4095 511 4172 significet,
545 4091 603 4153 sed
631 4091 775 4152 nudatam
808 4087 901 4168 prodo
928 4090 963 4145 ct
988 4088 1028 4146 eb
1054 4085 1180 4158 sinistro

932 4193 953 4260 Β
