3316 5064
543 387 549 418 t

1153 475 1194 518 111

194 641 302 716 potest
323 635 515 714 jucundius,
547 633 624 710 quii
654 633 770 694 laetius
796 633 832 692 in
856 611 906 692 itis
937 631 1052 694 studiis
1079 633 1196 694 nostris

194 759 318 829 oderrl,
347 773 440 830 qnam
462 756 489 816 si
511 753 656 812 occultus
682 757 775 812 antea
801 753 836 810 et
863 753 1050 826 depravatas
1066 755 1198 814 =tuteris

195 875 362 954 scriptoris
381 873 557 933 sententias
578 871 808 946 quodammodo
829 871 961 944 deleme
982 874 1100 948 primus
1121 873 1202 932 ieli·‘

197 999 292 1068 citer,
317 999 351 1053 et
368 993 462 1067 quasi
476 977 608 1066 'quidam
629 989 765 1050 callidus
785 983 925 1048 luctator
946 989 1060 1051 multas
1079 994 1197 1051 varim*

197 1131 261 1194 qne
282 1113 410 1177 fraudes
426 1111 559 1182 eludas,
575 1112 659 1183 ,qua's
674 1110 731 1170 tilti
755 1109 807 1166 vel
830 1109 969 1182 priorum
991 1110 1199 1186 interpretum
1225 1155 1226 1162 κ

138 1227 144 1244 ’
198 1205 324 1294 errores
350 1230 403 1290 vel
425 1231 575 1305 vulgatae
602 1229 755 1298 liprorurn
778 1227 911 1289 mendae
932 1229 1132 1306 potaverintl
1159 1226 1200 1292 ad

198 1371 290 1428 quam
319 1350 589 1410 concertationem
616 1365 679 1407 non
708 1347 809 1406 ruinas
827 1351 918 1409 varta
943 1366 983 1406 ac
1010 1347 1200 1425 multiplicia

197 1474 277 1533 artis
297 1487 382 1530 artua
402 1469 505 1527 cderri
524 1469 658 1538 debent3
680 1486 750 1526 nant
773 1466 866 1525 modo
882 1476 1033 1526 accurata
1053 1469 1200 1556 historia-

198 1585 266 1652 runt
297 1589 582 1664 antiquitatumque
611 1586 795 1662 cognitione
813 1585 979 1646 ,utentium
1011 1593 1075 1660 estq
1107 1555 1201 1648 modo

199 1709 399 1770 adhibendae
420 1713 493 1766 sont
510 1720 693 1766 commones
709 1706 836 1777 linguae
860 1705 1080 1786 regimundo
1102 1695 1202 1786 ipsius'

199 1829 341 1890 auctoris
363 1825 591 1903 explorandum
620 1826 797 1898 ingenium,
825 1825 1040 1900 loquendique
1069 1801 1202 1888 consuc-

200 1944 280 2009 tudo
301 1947 395 2006 etiam
420 1948 451 2006 in
475 1948 581 2022 parvis
601 1945 931 2018 rebus'olrservandu3
963 1945 1057 2006 modu
1084 1950 1202 2007 oratio·

200 2068 250 2127 nis
273 2057 477 2126 cohaereniia
504 2063 665 2126 subtiliter
689 2064 866 2139 indaganda
892 2067 1023 2142 ipsaque
1045 2069 1203 2128 sententie
1256 2051 1261 2062 ⁸

202 2185 334 2246 aliorum
355 2185 497 2242 locorum
519 2167 724 2244 similitudine
747 2182 994 2258 comprobanda
1017 2187 1110 2244 modo
1125 2189 1205 2244 scri·

203 2309 318 2383 pturae
345 2303 438 2362 etlam
466 2301 546 2361 vitia
567 2316 740 2379 eorumque
761 2304 900 2374 origines
921 2303 1129 2376 probabiliter
1150 2304 1206 2361 de·

204 2421 423 2484 monstrandae
444 2424 527 2479 sunt
562 2417 689 2487 Quibus
711 2419 853 2479 cornibus
874 2420 991 2494 siquis
1013 2427 1047 2480 et
1069 2421 1208 2481 dextere

204 2550 239 2603 et
260 2541 402 2600 feliciter
423 2527 545 2614 ututur,
561 2542 614 2598 vito
636 2539 782 2614 quidem,
811 2546 848 2599 ut
869 2555 950 2613 quae
973 2547 1065 2600 autea
1087 2541 1209 2603 latebat

204 2665 336 2732 veritas,
358 2661 391 2718 iu
414 2659 518 2718 locem
537 2651 643 2719 subito
665 2631 809 2736 prodeat,
832 2659 900 2718 lieri
920 2677 981 2719 nou
1003 2665 1110 2736 potest
1132 2662 1207 2736 quin

204 2784 412 2842 veliementer
438 2778 623 2838 delectetur
649 2787 685 2841 et
712 2780 755 2850 iS,
793 2779 846 2853 qul
875 2794 946 2838 eam
970 2781 1142 2854 invenerit,
1172 2787 1208 2842 et

205 2903 245 2973 is,
267 2901 383 2975 quial)
405 2898 469 2956 alto
488 2898 646 2957 inventam
668 2893 828 2972 agnoscat.
872 2895 938 2958 Sed
961 2899 993 2957 in
1015 2900 1128 2988 eodem
1150 2919 1207 2959 ne·
1234 2887 1237 2890 ’

207 3021 298 3100 gotio
313 3025 457 3094 magnum
478 3013 571 3078 et'iam
589 3016 764 3093 periculum
779 3024 902 3094 estsoc
920 3016 1080 3078 fastidiunt
1102 3020 1209 3096 potins

208 3157 299 3216 quam
322 3137 499 3196 delectatio
515 3136 696 3209 legentibus
718 3115 848 3208 oriatur,
867 3137 893 3194 si
916 3115 1054 3212 qnis'vel
1070 3139 1210 3200 licenter

208 3261 359 3320 abutatur
396 3256 516 3330 ingenii
558 3258 724 3332 acumine,
771 3257 961 3316 inventionis
1000 3257 1208 3320 calliditatem

208 3375 396 3454 praeferens
417 3376 576 3447 veritali,
593 3375 646 3433 vel
669 3374 802 3436 molesta
823 3376 998 3450 pertinacia
1024 3371 1210 3438 divinationi

210 3495 273 3553 vim
296 3493 455 3566 adhibeat,
480 3483 558 3554 dum
576 3493 607 3552 ld
627 3495 711 3569 quod
733 3511 842 3554 verum
862 3499 911 3553 est
932 3475 1038 3554 multis
1059 3487 1211 3556 machinis

212 3613 337 3688 quaerit
362 3615 461 3686 magis
485 3631 576 3689 quam
599 3614 940 3688 invenlt,'vltiumque
966 3619 1064 3674 mutat
1085 3591 1211 3690 saepius

212 3749 304 3807 quam
326 3729 422 3790 tollit.
464 3729 515 3791 Ac
537 3738 709 3808 praecepta
731 3732 856 3806 quidem
879 3733 910 3792 in
927 3749 995 3792 cum
1018 3749 1082 3790 rem
1102 3749 1210 3807 quam*-

212 3869 304 3928 quam
327 3849 461 3927 proponi
482 3865 557 3912 sune
580 3852 677 3912 multa
698 3869 736 3911 ac
757 3851 922 3928 praeclara
943 3856 1084 3928 possunt,
1106 3855 1142 3912 tit
1161 3858 1210 3912 ia-

213 3987 284 4030 men
312 3969 510 4045 saepissime,
537 3975 573 4028 ut
592 3985 687 4044 quum
708 3971 768 4030 tibi
782 3971 917 4031 'videare
938 3974 1211 4031 eaomniaoltser·

214 4106 305 4150 rasse
335 4089 589 4176 religiosissime,
629 4065 879 4150 emendationem
908 4087 1051 4166 proferas
1085 4091 1212 4151 doctam

215 4181 301 4272 illam
324 4209 452 4285 quiden
473 4207 608 4270 fumasse
631 4215 666 4269 et
693 4227 774 4286 quae
794 4208 902 4269 multis
922 4210 1140 4287 speciosisque
1162 4227 1211 4270 ar·
